PokerStars Hand #164794619634:  Hold'em No Limit ($0.02/$0.05 USD) - 2017/01/18 16:01:58 ET
Table 'Hynek II' 6-max Seat #3 is the button
Seat 1: Freak0za ($4.82 in chips) 
Seat 2: LuckyDayz13 ($5.02 in chips) 
Seat 3: NottaI ($5 in chips) 
Seat 4: NuevoMutro ($11.17 in chips) 
Seat 6: pedroabreu1 ($5 in chips) 
NuevoMutro: posts small blind $0.02
pedroabreu1: posts big blind $0.05
*** HOLE CARDS ***
Dealt to pedroabreu1 [Ad Ac]
Freak0za: folds 
LuckyDayz13: calls $0.05
NottaI: raises $0.05 to $0.10
NuevoMutro: raises $0.40 to $0.50
pedroabreu1: raises $1.15 to $1.65
LuckyDayz13: folds 
NottaI: folds 
NuevoMutro: folds 
Uncalled bet ($1.15) returned to pedroabreu1
pedroabreu1 collected $1.15 from pot
pedroabreu1: doesn't show hand 
*** SUMMARY ***
Total pot $1.15 | Rake $0 
Seat 1: Freak0za folded before Flop (didn't bet)
Seat 2: LuckyDayz13 folded before Flop
Seat 3: NottaI (button) folded before Flop
Seat 4: NuevoMutro (small blind) folded before Flop
Seat 6: pedroabreu1 (big blind) collected ($1.15)



PokerStars Hand #164794673988:  Hold'em No Limit ($0.02/$0.05 USD) - 2017/01/18 16:02:52 ET
Table 'Hynek II' 6-max Seat #4 is the button
Seat 1: Freak0za ($4.82 in chips) 
Seat 2: LuckyDayz13 ($4.97 in chips) 
Seat 3: NottaI ($5 in chips) 
Seat 4: NuevoMutro ($10.67 in chips) 
Seat 6: pedroabreu1 ($5.65 in chips) 
pedroabreu1: posts small blind $0.02
Freak0za: posts big blind $0.05
*** HOLE CARDS ***
Dealt to pedroabreu1 [3h 8d]
LuckyDayz13: calls $0.05
NottaI: folds 
NuevoMutro: folds 
pedroabreu1: folds 
Freak0za: checks 
*** FLOP *** [Jc Qh As]
Freak0za: checks 
LuckyDayz13: bets $0.12
Freak0za: folds 
Uncalled bet ($0.12) returned to LuckyDayz13
LuckyDayz13 collected $0.12 from pot
LuckyDayz13: doesn't show hand 
*** SUMMARY ***
Total pot $0.12 | Rake $0 
Board [Jc Qh As]
Seat 1: Freak0za (big blind) folded on the Flop
Seat 2: LuckyDayz13 collected ($0.12)
Seat 3: NottaI folded before Flop (didn't bet)
Seat 4: NuevoMutro (button) folded before Flop (didn't bet)
Seat 6: pedroabreu1 (small blind) folded before Flop



PokerStars Hand #164794696133:  Hold'em No Limit ($0.02/$0.05 USD) - 2017/01/18 16:03:14 ET
Table 'Hynek II' 6-max Seat #6 is the button
Seat 1: Freak0za ($4.77 in chips) 
Seat 2: LuckyDayz13 ($5.04 in chips) 
Seat 3: NottaI ($5 in chips) 
Seat 4: NuevoMutro ($10.67 in chips) 
Seat 6: pedroabreu1 ($5.63 in chips) 
Freak0za: posts small blind $0.02
LuckyDayz13: posts big blind $0.05
*** HOLE CARDS ***
Dealt to pedroabreu1 [Jd 6s]
NottaI: folds 
NuevoMutro: folds 
pedroabreu1: folds 
Freak0za: folds 
Uncalled bet ($0.03) returned to LuckyDayz13
LuckyDayz13 collected $0.04 from pot
LuckyDayz13: doesn't show hand 
*** SUMMARY ***
Total pot $0.04 | Rake $0 
Seat 1: Freak0za (small blind) folded before Flop
Seat 2: LuckyDayz13 (big blind) collected ($0.04)
Seat 3: NottaI folded before Flop (didn't bet)
Seat 4: NuevoMutro folded before Flop (didn't bet)
Seat 6: pedroabreu1 (button) folded before Flop (didn't bet)



PokerStars Hand #164794702896:  Hold'em No Limit ($0.02/$0.05 USD) - 2017/01/18 16:03:21 ET
Table 'Hynek II' 6-max Seat #1 is the button
Seat 1: Freak0za ($4.75 in chips) 
Seat 2: LuckyDayz13 ($5.06 in chips) 
Seat 3: NottaI ($5 in chips) 
Seat 4: NuevoMutro ($10.67 in chips) 
Seat 6: pedroabreu1 ($5.63 in chips) 
LuckyDayz13: posts small blind $0.02
NottaI: posts big blind $0.05
*** HOLE CARDS ***
Dealt to pedroabreu1 [9s 2c]
NuevoMutro: folds 
pedroabreu1: folds 
Freak0za: raises $0.12 to $0.17
LuckyDayz13: folds 
NottaI: raises $0.30 to $0.47
Freak0za: folds 
Uncalled bet ($0.30) returned to NottaI
NottaI collected $0.36 from pot
NottaI: doesn't show hand 
*** SUMMARY ***
Total pot $0.36 | Rake $0 
Seat 1: Freak0za (button) folded before Flop
Seat 2: LuckyDayz13 (small blind) folded before Flop
Seat 3: NottaI (big blind) collected ($0.36)
Seat 4: NuevoMutro folded before Flop (didn't bet)
Seat 6: pedroabreu1 folded before Flop (didn't bet)



PokerStars Hand #164794728767:  Hold'em No Limit ($0.02/$0.05 USD) - 2017/01/18 16:03:46 ET
Table 'Hynek II' 6-max Seat #2 is the button
Seat 1: Freak0za ($4.58 in chips) 
Seat 2: LuckyDayz13 ($5.04 in chips) 
Seat 3: NottaI ($5.19 in chips) 
Seat 4: NuevoMutro ($10.67 in chips) 
Seat 6: pedroabreu1 ($5.63 in chips) 
NottaI: posts small blind $0.02
NuevoMutro: posts big blind $0.05
*** HOLE CARDS ***
Dealt to pedroabreu1 [3s Ah]
pedroabreu1: folds 
Freak0za: folds 
LuckyDayz13: calls $0.05
NottaI: folds 
NuevoMutro: checks 
*** FLOP *** [Kh Ks 5c]
NuevoMutro: checks 
LuckyDayz13: bets $0.12
NuevoMutro: folds 
Uncalled bet ($0.12) returned to LuckyDayz13
LuckyDayz13 collected $0.12 from pot
LuckyDayz13: doesn't show hand 
*** SUMMARY ***
Total pot $0.12 | Rake $0 
Board [Kh Ks 5c]
Seat 1: Freak0za folded before Flop (didn't bet)
Seat 2: LuckyDayz13 (button) collected ($0.12)
Seat 3: NottaI (small blind) folded before Flop
Seat 4: NuevoMutro (big blind) folded on the Flop
Seat 6: pedroabreu1 folded before Flop (didn't bet)



PokerStars Hand #164794787006:  Hold'em No Limit ($0.02/$0.05 USD) - 2017/01/18 16:04:43 ET
Table 'Hynek II' 6-max Seat #3 is the button
Seat 1: Freak0za ($4.58 in chips) 
Seat 2: LuckyDayz13 ($5.11 in chips) 
Seat 3: NottaI ($5.17 in chips) 
Seat 4: NuevoMutro ($10.62 in chips) 
Seat 6: pedroabreu1 ($5.63 in chips) 
NuevoMutro: posts small blind $0.02
pedroabreu1: posts big blind $0.05
*** HOLE CARDS ***
Dealt to pedroabreu1 [Js Kc]
Freak0za: folds 
LuckyDayz13: calls $0.05
NottaI: folds 
NuevoMutro: raises $0.20 to $0.25
pedroabreu1: calls $0.20
LuckyDayz13: folds 
*** FLOP *** [3h 5c 4s]
NuevoMutro: checks 
pedroabreu1: checks 
*** TURN *** [3h 5c 4s] [Th]
NuevoMutro: bets $0.30
pedroabreu1: folds 
Uncalled bet ($0.30) returned to NuevoMutro
NuevoMutro collected $0.53 from pot
*** SUMMARY ***
Total pot $0.55 | Rake $0.02 
Board [3h 5c 4s Th]
Seat 1: Freak0za folded before Flop (didn't bet)
Seat 2: LuckyDayz13 folded before Flop
Seat 3: NottaI (button) folded before Flop (didn't bet)
Seat 4: NuevoMutro (small blind) collected ($0.53)
Seat 6: pedroabreu1 (big blind) folded on the Turn



PokerStars Hand #164794863673:  Hold'em No Limit ($0.02/$0.05 USD) - 2017/01/18 16:05:58 ET
Table 'Hynek II' 6-max Seat #4 is the button
Seat 1: Freak0za ($4.58 in chips) 
Seat 2: LuckyDayz13 ($5.06 in chips) 
Seat 3: NottaI ($5.17 in chips) 
Seat 4: NuevoMutro ($10.90 in chips) 
Seat 6: pedroabreu1 ($5.38 in chips) 
pedroabreu1: posts small blind $0.02
Freak0za: posts big blind $0.05
*** HOLE CARDS ***
Dealt to pedroabreu1 [Qs 5h]
LuckyDayz13: folds 
NottaI: raises $0.07 to $0.12
NuevoMutro: folds 
pedroabreu1: folds 
Freak0za: folds 
Uncalled bet ($0.07) returned to NottaI
NottaI collected $0.12 from pot
NottaI: doesn't show hand 
*** SUMMARY ***
Total pot $0.12 | Rake $0 
Seat 1: Freak0za (big blind) folded before Flop
Seat 2: LuckyDayz13 folded before Flop (didn't bet)
Seat 3: NottaI collected ($0.12)
Seat 4: NuevoMutro (button) folded before Flop (didn't bet)
Seat 6: pedroabreu1 (small blind) folded before Flop



PokerStars Hand #164794885651:  Hold'em No Limit ($0.02/$0.05 USD) - 2017/01/18 16:06:21 ET
Table 'Hynek II' 6-max Seat #6 is the button
Seat 1: Freak0za ($4.53 in chips) 
Seat 2: LuckyDayz13 ($5.06 in chips) 
Seat 3: NottaI ($5.24 in chips) 
Seat 4: NuevoMutro ($10.90 in chips) 
Seat 6: pedroabreu1 ($5.36 in chips) 
Freak0za: posts small blind $0.02
LuckyDayz13: posts big blind $0.05
*** HOLE CARDS ***
Dealt to pedroabreu1 [Th 2c]
NottaI: folds 
NuevoMutro: folds 
pedroabreu1: folds 
Freak0za: raises $0.10 to $0.15
LuckyDayz13: calls $0.10
*** FLOP *** [Ad 4h 6c]
Freak0za: bets $0.19
LuckyDayz13: raises $0.19 to $0.38
Freak0za: raises $0.53 to $0.91
LuckyDayz13: raises $0.53 to $1.44
Freak0za: raises $2.94 to $4.38 and is all-in
LuckyDayz13: calls $2.94
*** TURN *** [Ad 4h 6c] [Ts]
*** RIVER *** [Ad 4h 6c Ts] [Kd]
*** SHOW DOWN ***
Freak0za: shows [Kc Ah] (two pair, Aces and Kings)
LuckyDayz13: shows [Kh 6s] (two pair, Kings and Sixes)
Freak0za collected $8.68 from pot
*** SUMMARY ***
Total pot $9.06 | Rake $0.38 
Board [Ad 4h 6c Ts Kd]
Seat 1: Freak0za (small blind) showed [Kc Ah] and won ($8.68) with two pair, Aces and Kings
Seat 2: LuckyDayz13 (big blind) showed [Kh 6s] and lost with two pair, Kings and Sixes
Seat 3: NottaI folded before Flop (didn't bet)
Seat 4: NuevoMutro folded before Flop (didn't bet)
Seat 6: pedroabreu1 (button) folded before Flop (didn't bet)



PokerStars Hand #164794973589:  Hold'em No Limit ($0.02/$0.05 USD) - 2017/01/18 16:07:47 ET
Table 'Hynek II' 6-max Seat #1 is the button
Seat 1: Freak0za ($8.68 in chips) 
Seat 2: LuckyDayz13 ($0.53 in chips) 
Seat 3: NottaI ($5.24 in chips) 
Seat 4: NuevoMutro ($10.90 in chips) 
Seat 6: pedroabreu1 ($5.36 in chips) 
LuckyDayz13: posts small blind $0.02
NottaI: posts big blind $0.05
*** HOLE CARDS ***
Dealt to pedroabreu1 [6s Ks]
NuevoMutro: folds 
pedroabreu1: folds 
Freak0za: folds 
LuckyDayz13: calls $0.03
NottaI: checks 
*** FLOP *** [3d Kc 9s]
LuckyDayz13: checks 
NottaI: checks 
*** TURN *** [3d Kc 9s] [Js]
LuckyDayz13: bets $0.48 and is all-in
NottaI: folds 
Uncalled bet ($0.48) returned to LuckyDayz13
LuckyDayz13 collected $0.10 from pot
LuckyDayz13: doesn't show hand 
*** SUMMARY ***
Total pot $0.10 | Rake $0 
Board [3d Kc 9s Js]
Seat 1: Freak0za (button) folded before Flop (didn't bet)
Seat 2: LuckyDayz13 (small blind) collected ($0.10)
Seat 3: NottaI (big blind) folded on the Turn
Seat 4: NuevoMutro folded before Flop (didn't bet)
Seat 6: pedroabreu1 folded before Flop (didn't bet)



PokerStars Hand #164795001010:  Hold'em No Limit ($0.02/$0.05 USD) - 2017/01/18 16:08:15 ET
Table 'Hynek II' 6-max Seat #2 is the button
Seat 1: Freak0za ($8.68 in chips) 
Seat 2: LuckyDayz13 ($0.58 in chips) 
Seat 3: NottaI ($5.19 in chips) 
Seat 4: NuevoMutro ($10.90 in chips) 
Seat 6: pedroabreu1 ($5.36 in chips) 
NottaI: posts small blind $0.02
NuevoMutro: posts big blind $0.05
*** HOLE CARDS ***
Dealt to pedroabreu1 [As 5c]
pedroabreu1: folds 
Freak0za: folds 
LuckyDayz13: folds 
NottaI: folds 
Uncalled bet ($0.03) returned to NuevoMutro
NuevoMutro collected $0.04 from pot
*** SUMMARY ***
Total pot $0.04 | Rake $0 
Seat 1: Freak0za folded before Flop (didn't bet)
Seat 2: LuckyDayz13 (button) folded before Flop (didn't bet)
Seat 3: NottaI (small blind) folded before Flop
Seat 4: NuevoMutro (big blind) collected ($0.04)
Seat 6: pedroabreu1 folded before Flop (didn't bet)



PokerStars Hand #164795017164:  Hold'em No Limit ($0.02/$0.05 USD) - 2017/01/18 16:08:31 ET
Table 'Hynek II' 6-max Seat #3 is the button
Seat 1: Freak0za ($8.68 in chips) 
Seat 2: LuckyDayz13 ($0.58 in chips) 
Seat 3: NottaI ($5.17 in chips) 
Seat 4: NuevoMutro ($10.92 in chips) 
Seat 6: pedroabreu1 ($5.36 in chips) 
NuevoMutro: posts small blind $0.02
pedroabreu1: posts big blind $0.05
*** HOLE CARDS ***
Dealt to pedroabreu1 [As 3h]
Freak0za: folds 
LuckyDayz13: calls $0.05
NottaI: raises $0.05 to $0.10
NuevoMutro: folds 
pedroabreu1: folds 
LuckyDayz13: calls $0.05
*** FLOP *** [Td 2c Qs]
LuckyDayz13: checks 
NottaI: checks 
*** TURN *** [Td 2c Qs] [Qd]
LuckyDayz13: checks 
NottaI: checks 
*** RIVER *** [Td 2c Qs Qd] [2h]
LuckyDayz13: bets $0.05
NottaI: folds 
Uncalled bet ($0.05) returned to LuckyDayz13
LuckyDayz13 collected $0.26 from pot
LuckyDayz13: doesn't show hand 
*** SUMMARY ***
Total pot $0.27 | Rake $0.01 
Board [Td 2c Qs Qd 2h]
Seat 1: Freak0za folded before Flop (didn't bet)
Seat 2: LuckyDayz13 collected ($0.26)
Seat 3: NottaI (button) folded on the River
Seat 4: NuevoMutro (small blind) folded before Flop
Seat 6: pedroabreu1 (big blind) folded before Flop



PokerStars Hand #164795082318:  Hold'em No Limit ($0.02/$0.05 USD) - 2017/01/18 16:09:35 ET
Table 'Hynek II' 6-max Seat #4 is the button
Seat 1: Freak0za ($8.68 in chips) 
Seat 2: LuckyDayz13 ($0.74 in chips) 
Seat 3: NottaI ($5.07 in chips) 
Seat 4: NuevoMutro ($10.90 in chips) 
Seat 6: pedroabreu1 ($5.31 in chips) 
pedroabreu1: posts small blind $0.02
Freak0za: posts big blind $0.05
*** HOLE CARDS ***
Dealt to pedroabreu1 [9h 2s]
LuckyDayz13: calls $0.05
NottaI: folds 
NuevoMutro: folds 
pedroabreu1: folds 
Freak0za: checks 
*** FLOP *** [Jh Ah 5s]
Freak0za: bets $0.08
LuckyDayz13: folds 
Uncalled bet ($0.08) returned to Freak0za
Freak0za collected $0.12 from pot
*** SUMMARY ***
Total pot $0.12 | Rake $0 
Board [Jh Ah 5s]
Seat 1: Freak0za (big blind) collected ($0.12)
Seat 2: LuckyDayz13 folded on the Flop
Seat 3: NottaI folded before Flop (didn't bet)
Seat 4: NuevoMutro (button) folded before Flop (didn't bet)
Seat 6: pedroabreu1 (small blind) folded before Flop



PokerStars Hand #164795121421:  Hold'em No Limit ($0.02/$0.05 USD) - 2017/01/18 16:10:13 ET
Table 'Hynek II' 6-max Seat #6 is the button
Seat 1: Freak0za ($8.75 in chips) 
Seat 2: LuckyDayz13 ($0.69 in chips) 
Seat 3: NottaI ($5.07 in chips) 
Seat 4: NuevoMutro ($10.90 in chips) 
Seat 6: pedroabreu1 ($5.29 in chips) 
Freak0za: posts small blind $0.02
LuckyDayz13: posts big blind $0.05
*** HOLE CARDS ***
Dealt to pedroabreu1 [4h Kh]
NottaI: folds 
NuevoMutro has timed out
NuevoMutro: folds 
pedroabreu1: raises $0.10 to $0.15
Freak0za: folds 
LuckyDayz13: folds 
Uncalled bet ($0.10) returned to pedroabreu1
pedroabreu1 collected $0.12 from pot
pedroabreu1: doesn't show hand 
*** SUMMARY ***
Total pot $0.12 | Rake $0 
Seat 1: Freak0za (small blind) folded before Flop
Seat 2: LuckyDayz13 (big blind) folded before Flop
Seat 3: NottaI folded before Flop (didn't bet)
Seat 4: NuevoMutro folded before Flop (didn't bet)
Seat 6: pedroabreu1 (button) collected ($0.12)



PokerStars Hand #164795164223:  Hold'em No Limit ($0.02/$0.05 USD) - 2017/01/18 16:10:55 ET
Table 'Hynek II' 6-max Seat #1 is the button
Seat 1: Freak0za ($8.73 in chips) 
Seat 2: LuckyDayz13 ($0.64 in chips) 
Seat 3: NottaI ($5.07 in chips) 
Seat 4: NuevoMutro ($10.90 in chips) 
Seat 6: pedroabreu1 ($5.36 in chips) 
LuckyDayz13: posts small blind $0.02
NottaI: posts big blind $0.05
*** HOLE CARDS ***
Dealt to pedroabreu1 [Jd Qs]
NuevoMutro: raises $0.07 to $0.12
pedroabreu1: folds 
Freak0za: folds 
LuckyDayz13: folds 
NottaI: folds 
Uncalled bet ($0.07) returned to NuevoMutro
NuevoMutro collected $0.12 from pot
*** SUMMARY ***
Total pot $0.12 | Rake $0 
Seat 1: Freak0za (button) folded before Flop (didn't bet)
Seat 2: LuckyDayz13 (small blind) folded before Flop
Seat 3: NottaI (big blind) folded before Flop
Seat 4: NuevoMutro collected ($0.12)
Seat 6: pedroabreu1 folded before Flop (didn't bet)



PokerStars Hand #164795189281:  Hold'em No Limit ($0.02/$0.05 USD) - 2017/01/18 16:11:20 ET
Table 'Hynek II' 6-max Seat #2 is the button
Seat 1: Freak0za ($8.73 in chips) 
Seat 2: LuckyDayz13 ($0.62 in chips) 
Seat 3: NottaI ($5.02 in chips) 
Seat 4: NuevoMutro ($10.97 in chips) 
Seat 6: pedroabreu1 ($5.36 in chips) 
NottaI: posts small blind $0.02
NuevoMutro: posts big blind $0.05
*** HOLE CARDS ***
Dealt to pedroabreu1 [4c 2c]
pedroabreu1: folds 
Freak0za: folds 
LuckyDayz13: calls $0.05
NottaI: folds 
NuevoMutro: checks 
*** FLOP *** [5c Qs 2d]
NuevoMutro: checks 
LuckyDayz13: checks 
*** TURN *** [5c Qs 2d] [Jh]
NuevoMutro: checks 
LuckyDayz13: bets $0.05
NuevoMutro: folds 
Uncalled bet ($0.05) returned to LuckyDayz13
LuckyDayz13 collected $0.12 from pot
LuckyDayz13: doesn't show hand 
*** SUMMARY ***
Total pot $0.12 | Rake $0 
Board [5c Qs 2d Jh]
Seat 1: Freak0za folded before Flop (didn't bet)
Seat 2: LuckyDayz13 (button) collected ($0.12)
Seat 3: NottaI (small blind) folded before Flop
Seat 4: NuevoMutro (big blind) folded on the Turn
Seat 6: pedroabreu1 folded before Flop (didn't bet)



PokerStars Hand #164795246329:  Hold'em No Limit ($0.02/$0.05 USD) - 2017/01/18 16:12:17 ET
Table 'Hynek II' 6-max Seat #3 is the button
Seat 1: Freak0za ($8.73 in chips) 
Seat 2: LuckyDayz13 ($0.69 in chips) 
Seat 3: NottaI ($5 in chips) 
Seat 4: NuevoMutro ($10.92 in chips) 
Seat 6: pedroabreu1 ($5.36 in chips) 
NuevoMutro: posts small blind $0.02
R13N19 was removed from the table for failing to post
pedroabreu1: posts big blind $0.05
*** HOLE CARDS ***
Dealt to pedroabreu1 [As 6s]
Freak0za: folds 
sggs23 joins the table at seat #5 
LuckyDayz13: calls $0.05
NottaI: folds 
NuevoMutro: folds 
pedroabreu1: checks 
*** FLOP *** [5h 4s 6h]
pedroabreu1: checks 
LuckyDayz13: bets $0.12
pedroabreu1: calls $0.12
*** TURN *** [5h 4s 6h] [8h]
pedroabreu1: checks 
LuckyDayz13: bets $0.52 and is all-in
pedroabreu1: calls $0.52
*** RIVER *** [5h 4s 6h 8h] [Jc]
*** SHOW DOWN ***
pedroabreu1: shows [As 6s] (a pair of Sixes)
LuckyDayz13: shows [Js 4h] (two pair, Jacks and Fours)
LuckyDayz13 collected $1.34 from pot
*** SUMMARY ***
Total pot $1.40 | Rake $0.06 
Board [5h 4s 6h 8h Jc]
Seat 1: Freak0za folded before Flop (didn't bet)
Seat 2: LuckyDayz13 showed [Js 4h] and won ($1.34) with two pair, Jacks and Fours
Seat 3: NottaI (button) folded before Flop (didn't bet)
Seat 4: NuevoMutro (small blind) folded before Flop
Seat 6: pedroabreu1 (big blind) showed [As 6s] and lost with a pair of Sixes



PokerStars Hand #164795314674:  Hold'em No Limit ($0.02/$0.05 USD) - 2017/01/18 16:13:23 ET
Table 'Hynek II' 6-max Seat #4 is the button
Seat 1: Freak0za ($8.73 in chips) 
Seat 2: LuckyDayz13 ($1.34 in chips) 
Seat 3: NottaI ($5 in chips) 
Seat 4: NuevoMutro ($10.90 in chips) 
Seat 6: pedroabreu1 ($5 in chips) 
sggs23 will be allowed to play after the button
pedroabreu1: posts small blind $0.02
Freak0za: posts big blind $0.05
*** HOLE CARDS ***
Dealt to pedroabreu1 [4c 8h]
LuckyDayz13: calls $0.05
NottaI: folds 
NuevoMutro: folds 
pedroabreu1: folds 
Freak0za: checks 
*** FLOP *** [9s Kd 2s]
Freak0za: checks 
LuckyDayz13: checks 
*** TURN *** [9s Kd 2s] [Kh]
Freak0za: checks 
LuckyDayz13: bets $0.12
Freak0za: folds 
Uncalled bet ($0.12) returned to LuckyDayz13
LuckyDayz13 collected $0.12 from pot
LuckyDayz13: doesn't show hand 
*** SUMMARY ***
Total pot $0.12 | Rake $0 
Board [9s Kd 2s Kh]
Seat 1: Freak0za (big blind) folded on the Turn
Seat 2: LuckyDayz13 collected ($0.12)
Seat 3: NottaI folded before Flop (didn't bet)
Seat 4: NuevoMutro (button) folded before Flop (didn't bet)
Seat 6: pedroabreu1 (small blind) folded before Flop



PokerStars Hand #164795352929:  Hold'em No Limit ($0.02/$0.05 USD) - 2017/01/18 16:14:01 ET
Table 'Hynek II' 6-max Seat #6 is the button
Seat 1: Freak0za ($8.68 in chips) 
Seat 2: LuckyDayz13 ($1.41 in chips) 
Seat 3: NottaI ($5 in chips) 
Seat 4: NuevoMutro ($10.90 in chips) 
Seat 6: pedroabreu1 ($5 in chips) 
Freak0za: posts small blind $0.02
LuckyDayz13: posts big blind $0.05
sggs23: sits out 
*** HOLE CARDS ***
Dealt to pedroabreu1 [Qh 6s]
NottaI: folds 
NuevoMutro: folds 
pedroabreu1: folds 
Freak0za: raises $0.10 to $0.15
LuckyDayz13: calls $0.10
*** FLOP *** [Qs Kh Jd]
Freak0za: bets $0.19
LuckyDayz13: raises $1.07 to $1.26 and is all-in
Freak0za: folds 
Uncalled bet ($1.07) returned to LuckyDayz13
LuckyDayz13 collected $0.65 from pot
LuckyDayz13: doesn't show hand 
*** SUMMARY ***
Total pot $0.68 | Rake $0.03 
Board [Qs Kh Jd]
Seat 1: Freak0za (small blind) folded on the Flop
Seat 2: LuckyDayz13 (big blind) collected ($0.65)
Seat 3: NottaI folded before Flop (didn't bet)
Seat 4: NuevoMutro folded before Flop (didn't bet)
Seat 6: pedroabreu1 (button) folded before Flop (didn't bet)



PokerStars Hand #164795398862:  Hold'em No Limit ($0.02/$0.05 USD) - 2017/01/18 16:14:46 ET
Table 'Hynek II' 6-max Seat #1 is the button
Seat 1: Freak0za ($8.34 in chips) 
Seat 2: LuckyDayz13 ($1.72 in chips) 
Seat 3: NottaI ($5 in chips) 
Seat 4: NuevoMutro ($10.90 in chips) 
Seat 6: pedroabreu1 ($5 in chips) 
LuckyDayz13: posts small blind $0.02
NottaI: posts big blind $0.05
sggs23: sits out 
*** HOLE CARDS ***
Dealt to pedroabreu1 [3d 5d]
NuevoMutro: folds 
pedroabreu1: raises $0.10 to $0.15
Freak0za: folds 
LuckyDayz13: folds 
NottaI: folds 
Uncalled bet ($0.10) returned to pedroabreu1
pedroabreu1 collected $0.12 from pot
pedroabreu1: doesn't show hand 
*** SUMMARY ***
Total pot $0.12 | Rake $0 
Seat 1: Freak0za (button) folded before Flop (didn't bet)
Seat 2: LuckyDayz13 (small blind) folded before Flop
Seat 3: NottaI (big blind) folded before Flop
Seat 4: NuevoMutro folded before Flop (didn't bet)
Seat 6: pedroabreu1 collected ($0.12)



PokerStars Hand #164795416144:  Hold'em No Limit ($0.02/$0.05 USD) - 2017/01/18 16:15:03 ET
Table 'Hynek II' 6-max Seat #2 is the button
Seat 1: Freak0za ($8.34 in chips) 
Seat 2: LuckyDayz13 ($1.70 in chips) 
Seat 3: NottaI ($5 in chips) 
Seat 4: NuevoMutro ($10.90 in chips) 
Seat 6: pedroabreu1 ($5.07 in chips) 
NottaI: posts small blind $0.02
NuevoMutro: posts big blind $0.05
sggs23: sits out 
*** HOLE CARDS ***
Dealt to pedroabreu1 [Th 4h]
pedroabreu1: folds 
Freak0za: folds 
LuckyDayz13: calls $0.05
NottaI: folds 
NuevoMutro: raises $0.20 to $0.25
LuckyDayz13: raises $0.20 to $0.45
NuevoMutro: folds 
Uncalled bet ($0.20) returned to LuckyDayz13
LuckyDayz13 collected $0.52 from pot
LuckyDayz13: doesn't show hand 
*** SUMMARY ***
Total pot $0.52 | Rake $0 
Seat 1: Freak0za folded before Flop (didn't bet)
Seat 2: LuckyDayz13 (button) collected ($0.52)
Seat 3: NottaI (small blind) folded before Flop
Seat 4: NuevoMutro (big blind) folded before Flop
Seat 6: pedroabreu1 folded before Flop (didn't bet)



PokerStars Hand #164795451522:  Hold'em No Limit ($0.02/$0.05 USD) - 2017/01/18 16:15:38 ET
Table 'Hynek II' 6-max Seat #3 is the button
Seat 1: Freak0za ($8.34 in chips) 
Seat 2: LuckyDayz13 ($1.97 in chips) 
Seat 3: NottaI ($5 in chips) 
Seat 4: NuevoMutro ($10.65 in chips) 
Seat 5: sggs23 ($3.52 in chips) 
Seat 6: pedroabreu1 ($5.07 in chips) 
NuevoMutro: posts small blind $0.02
sggs23: posts big blind $0.05
*** HOLE CARDS ***
Dealt to pedroabreu1 [4s 5s]
pedroabreu1: folds 
Freak0za: folds 
LuckyDayz13: calls $0.05
NottaI: folds 
NuevoMutro: folds 
sggs23: raises $0.15 to $0.20
LuckyDayz13: folds 
Uncalled bet ($0.15) returned to sggs23
sggs23 collected $0.12 from pot
*** SUMMARY ***
Total pot $0.12 | Rake $0 
Seat 1: Freak0za folded before Flop (didn't bet)
Seat 2: LuckyDayz13 folded before Flop
Seat 3: NottaI (button) folded before Flop (didn't bet)
Seat 4: NuevoMutro (small blind) folded before Flop
Seat 5: sggs23 (big blind) collected ($0.12)
Seat 6: pedroabreu1 folded before Flop (didn't bet)



PokerStars Hand #164795504550:  Hold'em No Limit ($0.02/$0.05 USD) - 2017/01/18 16:16:30 ET
Table 'Hynek II' 6-max Seat #4 is the button
Seat 1: Freak0za ($8.34 in chips) 
Seat 2: LuckyDayz13 ($1.92 in chips) 
Seat 3: NottaI ($5 in chips) 
Seat 4: NuevoMutro ($10.63 in chips) 
Seat 5: sggs23 ($3.59 in chips) 
Seat 6: pedroabreu1 ($5.07 in chips) 
sggs23: posts small blind $0.02
pedroabreu1: posts big blind $0.05
*** HOLE CARDS ***
Dealt to pedroabreu1 [7s 5s]
Freak0za: folds 
LuckyDayz13: calls $0.05
NottaI: folds 
NuevoMutro: folds 
sggs23: folds 
pedroabreu1: checks 
*** FLOP *** [4d Ad Ks]
pedroabreu1: checks 
LuckyDayz13: bets $0.05
pedroabreu1: folds 
Uncalled bet ($0.05) returned to LuckyDayz13
LuckyDayz13 collected $0.12 from pot
LuckyDayz13: doesn't show hand 
*** SUMMARY ***
Total pot $0.12 | Rake $0 
Board [4d Ad Ks]
Seat 1: Freak0za folded before Flop (didn't bet)
Seat 2: LuckyDayz13 collected ($0.12)
Seat 3: NottaI folded before Flop (didn't bet)
Seat 4: NuevoMutro (button) folded before Flop (didn't bet)
Seat 5: sggs23 (small blind) folded before Flop
Seat 6: pedroabreu1 (big blind) folded on the Flop



PokerStars Hand #164795535586:  Hold'em No Limit ($0.02/$0.05 USD) - 2017/01/18 16:17:00 ET
Table 'Hynek II' 6-max Seat #5 is the button
Seat 1: Freak0za ($8.34 in chips) 
Seat 2: LuckyDayz13 ($1.99 in chips) 
Seat 3: NottaI ($5 in chips) 
Seat 4: NuevoMutro ($10.63 in chips) 
Seat 5: sggs23 ($3.57 in chips) 
Seat 6: pedroabreu1 ($5.02 in chips) 
pedroabreu1: posts small blind $0.02
Freak0za: posts big blind $0.05
*** HOLE CARDS ***
Dealt to pedroabreu1 [2c 5c]
LuckyDayz13: calls $0.05
NottaI: folds 
NuevoMutro: folds 
sggs23: raises $0.15 to $0.20
pedroabreu1: folds 
Freak0za: folds 
LuckyDayz13: calls $0.15
*** FLOP *** [6s Ks 8d]
LuckyDayz13: bets $0.45
sggs23: folds 
Uncalled bet ($0.45) returned to LuckyDayz13
LuckyDayz13 collected $0.45 from pot
LuckyDayz13: doesn't show hand 
*** SUMMARY ***
Total pot $0.47 | Rake $0.02 
Board [6s Ks 8d]
Seat 1: Freak0za (big blind) folded before Flop
Seat 2: LuckyDayz13 collected ($0.45)
Seat 3: NottaI folded before Flop (didn't bet)
Seat 4: NuevoMutro folded before Flop (didn't bet)
Seat 5: sggs23 (button) folded on the Flop
Seat 6: pedroabreu1 (small blind) folded before Flop



PokerStars Hand #164795570355:  Hold'em No Limit ($0.02/$0.05 USD) - 2017/01/18 16:17:34 ET
Table 'Hynek II' 6-max Seat #6 is the button
Seat 1: Freak0za ($8.29 in chips) 
Seat 2: LuckyDayz13 ($2.24 in chips) 
Seat 3: NottaI ($5 in chips) 
Seat 4: NuevoMutro ($10.63 in chips) 
Seat 5: sggs23 ($5 in chips) 
Seat 6: pedroabreu1 ($5 in chips) 
Freak0za: posts small blind $0.02
LuckyDayz13: posts big blind $0.05
*** HOLE CARDS ***
Dealt to pedroabreu1 [As 6s]
NottaI: folds 
NuevoMutro: folds 
sggs23: folds 
pedroabreu1: raises $0.10 to $0.15
Freak0za: folds 
LuckyDayz13: calls $0.10
*** FLOP *** [6h Tc 5s]
LuckyDayz13: bets $0.05
pedroabreu1: calls $0.05
*** TURN *** [6h Tc 5s] [5h]
LuckyDayz13: bets $0.40
pedroabreu1: raises $1.20 to $1.60
LuckyDayz13: raises $0.44 to $2.04 and is all-in
pedroabreu1: calls $0.44
*** RIVER *** [6h Tc 5s 5h] [Js]
*** SHOW DOWN ***
LuckyDayz13: shows [Qc 5c] (three of a kind, Fives)
pedroabreu1: shows [As 6s] (two pair, Sixes and Fives)
LuckyDayz13 collected $4.31 from pot
*** SUMMARY ***
Total pot $4.50 | Rake $0.19 
Board [6h Tc 5s 5h Js]
Seat 1: Freak0za (small blind) folded before Flop
Seat 2: LuckyDayz13 (big blind) showed [Qc 5c] and won ($4.31) with three of a kind, Fives
Seat 3: NottaI folded before Flop (didn't bet)
Seat 4: NuevoMutro folded before Flop (didn't bet)
Seat 5: sggs23 folded before Flop (didn't bet)
Seat 6: pedroabreu1 (button) showed [As 6s] and lost with two pair, Sixes and Fives



PokerStars Hand #164795621341:  Hold'em No Limit ($0.02/$0.05 USD) - 2017/01/18 16:18:24 ET
Table 'Hynek II' 6-max Seat #1 is the button
Seat 1: Freak0za ($8.27 in chips) 
Seat 2: LuckyDayz13 ($4.31 in chips) 
Seat 3: NottaI ($5 in chips) 
Seat 4: NuevoMutro ($10.63 in chips) 
Seat 5: sggs23 ($5 in chips) 
Seat 6: pedroabreu1 ($5 in chips) 
LuckyDayz13: posts small blind $0.02
NottaI: posts big blind $0.05
*** HOLE CARDS ***
Dealt to pedroabreu1 [Qd 5d]
NuevoMutro: folds 
sggs23: folds 
pedroabreu1: folds 
Freak0za: raises $0.12 to $0.17
LuckyDayz13: calls $0.15
NottaI: folds 
*** FLOP *** [7d 5c 9h]
LuckyDayz13: checks 
Freak0za: bets $0.25
LuckyDayz13: folds 
Uncalled bet ($0.25) returned to Freak0za
Freak0za collected $0.37 from pot
*** SUMMARY ***
Total pot $0.39 | Rake $0.02 
Board [7d 5c 9h]
Seat 1: Freak0za (button) collected ($0.37)
Seat 2: LuckyDayz13 (small blind) folded on the Flop
Seat 3: NottaI (big blind) folded before Flop
Seat 4: NuevoMutro folded before Flop (didn't bet)
Seat 5: sggs23 folded before Flop (didn't bet)
Seat 6: pedroabreu1 folded before Flop (didn't bet)



PokerStars Hand #164795661960:  Hold'em No Limit ($0.02/$0.05 USD) - 2017/01/18 16:19:04 ET
Table 'Hynek II' 6-max Seat #2 is the button
Seat 1: Freak0za ($8.47 in chips) 
Seat 2: LuckyDayz13 ($4.14 in chips) 
Seat 3: NottaI ($5 in chips) 
Seat 4: NuevoMutro ($10.63 in chips) 
Seat 5: sggs23 ($5 in chips) 
Seat 6: pedroabreu1 ($5 in chips) 
NottaI: posts small blind $0.02
NuevoMutro: posts big blind $0.05
*** HOLE CARDS ***
Dealt to pedroabreu1 [Ad Th]
sggs23: folds 
pedroabreu1: raises $0.10 to $0.15
Freak0za: folds 
LuckyDayz13: calls $0.15
NottaI: folds 
NuevoMutro: calls $0.10
*** FLOP *** [Kd Qh 5c]
NuevoMutro: checks 
pedroabreu1: checks 
LuckyDayz13: bets $0.05
NuevoMutro: calls $0.05
pedroabreu1: calls $0.05
*** TURN *** [Kd Qh 5c] [Td]
NuevoMutro: checks 
pedroabreu1: checks 
LuckyDayz13: checks 
*** RIVER *** [Kd Qh 5c Td] [Qc]
NuevoMutro: bets $0.80
pedroabreu1: folds 
LuckyDayz13: calls $0.80
*** SHOW DOWN ***
NuevoMutro: shows [Ac Qs] (three of a kind, Queens)
LuckyDayz13: mucks hand 
NuevoMutro collected $2.13 from pot
*** SUMMARY ***
Total pot $2.22 | Rake $0.09 
Board [Kd Qh 5c Td Qc]
Seat 1: Freak0za folded before Flop (didn't bet)
Seat 2: LuckyDayz13 (button) mucked [5h Jd]
Seat 3: NottaI (small blind) folded before Flop
Seat 4: NuevoMutro (big blind) showed [Ac Qs] and won ($2.13) with three of a kind, Queens
Seat 5: sggs23 folded before Flop (didn't bet)
Seat 6: pedroabreu1 folded on the River



PokerStars Hand #164795729178:  Hold'em No Limit ($0.02/$0.05 USD) - 2017/01/18 16:20:12 ET
Table 'Hynek II' 6-max Seat #3 is the button
Seat 1: Freak0za ($8.47 in chips) 
Seat 2: LuckyDayz13 ($3.14 in chips) 
Seat 3: NottaI ($5 in chips) 
Seat 4: NuevoMutro ($11.76 in chips) 
Seat 5: sggs23 ($5 in chips) 
Seat 6: pedroabreu1 ($5 in chips) 
NuevoMutro: posts small blind $0.02
sggs23: posts big blind $0.05
*** HOLE CARDS ***
Dealt to pedroabreu1 [Th 8h]
pedroabreu1: folds 
Freak0za: folds 
LuckyDayz13: calls $0.05
NottaI: folds 
NuevoMutro: folds 
sggs23: checks 
*** FLOP *** [7h 4d Ac]
sggs23: checks 
LuckyDayz13: checks 
*** TURN *** [7h 4d Ac] [2s]
sggs23: bets $0.08
LuckyDayz13: folds 
Uncalled bet ($0.08) returned to sggs23
sggs23 collected $0.12 from pot
*** SUMMARY ***
Total pot $0.12 | Rake $0 
Board [7h 4d Ac 2s]
Seat 1: Freak0za folded before Flop (didn't bet)
Seat 2: LuckyDayz13 folded on the Turn
Seat 3: NottaI (button) folded before Flop (didn't bet)
Seat 4: NuevoMutro (small blind) folded before Flop
Seat 5: sggs23 (big blind) collected ($0.12)
Seat 6: pedroabreu1 folded before Flop (didn't bet)



PokerStars Hand #164795777153:  Hold'em No Limit ($0.02/$0.05 USD) - 2017/01/18 16:21:00 ET
Table 'Hynek II' 6-max Seat #4 is the button
Seat 1: Freak0za ($8.47 in chips) 
Seat 2: LuckyDayz13 ($3.09 in chips) 
Seat 3: NottaI ($5 in chips) 
Seat 4: NuevoMutro ($11.74 in chips) 
Seat 5: sggs23 ($5.07 in chips) 
Seat 6: pedroabreu1 ($5 in chips) 
sggs23: posts small blind $0.02
pedroabreu1: posts big blind $0.05
*** HOLE CARDS ***
Dealt to pedroabreu1 [Tc 2s]
Freak0za: folds 
LuckyDayz13: folds 
NottaI: raises $0.07 to $0.12
NuevoMutro: folds 
sggs23: folds 
pedroabreu1: folds 
Uncalled bet ($0.07) returned to NottaI
NottaI collected $0.12 from pot
NottaI: doesn't show hand 
*** SUMMARY ***
Total pot $0.12 | Rake $0 
Seat 1: Freak0za folded before Flop (didn't bet)
Seat 2: LuckyDayz13 folded before Flop (didn't bet)
Seat 3: NottaI collected ($0.12)
Seat 4: NuevoMutro (button) folded before Flop (didn't bet)
Seat 5: sggs23 (small blind) folded before Flop
Seat 6: pedroabreu1 (big blind) folded before Flop



PokerStars Hand #164795794502:  Hold'em No Limit ($0.02/$0.05 USD) - 2017/01/18 16:21:17 ET
Table 'Hynek II' 6-max Seat #5 is the button
Seat 1: Freak0za ($8.47 in chips) 
Seat 2: LuckyDayz13 ($3.09 in chips) 
Seat 3: NottaI ($5.07 in chips) 
Seat 4: NuevoMutro ($11.74 in chips) 
Seat 5: sggs23 ($5.05 in chips) 
Seat 6: pedroabreu1 ($5 in chips) 
pedroabreu1: posts small blind $0.02
Freak0za: posts big blind $0.05
*** HOLE CARDS ***
Dealt to pedroabreu1 [5c Ac]
LuckyDayz13: calls $0.05
NottaI: folds 
NuevoMutro: folds 
sggs23: folds 
pedroabreu1: calls $0.03
Freak0za: checks 
*** FLOP *** [As Ks Kc]
pedroabreu1: checks 
Freak0za: checks 
LuckyDayz13: bets $0.05
pedroabreu1: raises $0.10 to $0.15
Freak0za: folds 
LuckyDayz13: calls $0.10
*** TURN *** [As Ks Kc] [2s]
pedroabreu1: checks 
LuckyDayz13: bets $2.89 and is all-in
pedroabreu1: folds 
Uncalled bet ($2.89) returned to LuckyDayz13
LuckyDayz13 collected $0.43 from pot
LuckyDayz13: doesn't show hand 
*** SUMMARY ***
Total pot $0.45 | Rake $0.02 
Board [As Ks Kc 2s]
Seat 1: Freak0za (big blind) folded on the Flop
Seat 2: LuckyDayz13 collected ($0.43)
Seat 3: NottaI folded before Flop (didn't bet)
Seat 4: NuevoMutro folded before Flop (didn't bet)
Seat 5: sggs23 (button) folded before Flop (didn't bet)
Seat 6: pedroabreu1 (small blind) folded on the Turn



PokerStars Hand #164795863919:  Hold'em No Limit ($0.02/$0.05 USD) - 2017/01/18 16:22:26 ET
Table 'Hynek II' 6-max Seat #6 is the button
Seat 1: Freak0za ($8.42 in chips) 
Seat 2: LuckyDayz13 ($3.32 in chips) 
Seat 3: NottaI ($5.07 in chips) 
Seat 4: NuevoMutro ($11.74 in chips) 
Seat 5: sggs23 ($5.05 in chips) 
Seat 6: pedroabreu1 ($5 in chips) 
Freak0za: posts small blind $0.02
LuckyDayz13: posts big blind $0.05
*** HOLE CARDS ***
Dealt to pedroabreu1 [Kh 5h]
NottaI: folds 
NuevoMutro: folds 
sggs23: folds 
pedroabreu1: folds 
Freak0za: raises $0.10 to $0.15
LuckyDayz13: calls $0.10
*** FLOP *** [4d Qs 9s]
Freak0za: bets $0.19
LuckyDayz13: folds 
Uncalled bet ($0.19) returned to Freak0za
Freak0za collected $0.29 from pot
*** SUMMARY ***
Total pot $0.30 | Rake $0.01 
Board [4d Qs 9s]
Seat 1: Freak0za (small blind) collected ($0.29)
Seat 2: LuckyDayz13 (big blind) folded on the Flop
Seat 3: NottaI folded before Flop (didn't bet)
Seat 4: NuevoMutro folded before Flop (didn't bet)
Seat 5: sggs23 folded before Flop (didn't bet)
Seat 6: pedroabreu1 (button) folded before Flop (didn't bet)



PokerStars Hand #164795893621:  Hold'em No Limit ($0.02/$0.05 USD) - 2017/01/18 16:22:55 ET
Table 'Hynek II' 6-max Seat #1 is the button
Seat 1: Freak0za ($8.56 in chips) 
Seat 2: LuckyDayz13 ($3.17 in chips) 
Seat 3: NottaI ($5.07 in chips) 
Seat 4: NuevoMutro ($11.74 in chips) 
Seat 5: sggs23 ($5.05 in chips) 
Seat 6: pedroabreu1 ($5 in chips) 
LuckyDayz13: posts small blind $0.02
NottaI: posts big blind $0.05
*** HOLE CARDS ***
Dealt to pedroabreu1 [5c 2h]
NuevoMutro: folds 
sggs23: folds 
pedroabreu1: folds 
Freak0za has timed out
Freak0za: folds 
LuckyDayz13: calls $0.03
NottaI: raises $0.07 to $0.12
LuckyDayz13: calls $0.07
*** FLOP *** [5h 9c 8h]
LuckyDayz13: bets $0.23
NottaI has timed out
NottaI: folds 
Uncalled bet ($0.23) returned to LuckyDayz13
LuckyDayz13 collected $0.23 from pot
LuckyDayz13: doesn't show hand 
*** SUMMARY ***
Total pot $0.24 | Rake $0.01 
Board [5h 9c 8h]
Seat 1: Freak0za (button) folded before Flop (didn't bet)
Seat 2: LuckyDayz13 (small blind) collected ($0.23)
Seat 3: NottaI (big blind) folded on the Flop
Seat 4: NuevoMutro folded before Flop (didn't bet)
Seat 5: sggs23 folded before Flop (didn't bet)
Seat 6: pedroabreu1 folded before Flop (didn't bet)



PokerStars Hand #164795974977:  Hold'em No Limit ($0.02/$0.05 USD) - 2017/01/18 16:24:16 ET
Table 'Hynek II' 6-max Seat #2 is the button
Seat 1: Freak0za ($8.56 in chips) 
Seat 2: LuckyDayz13 ($3.28 in chips) 
Seat 3: NottaI ($5 in chips) 
Seat 4: NuevoMutro ($11.74 in chips) 
Seat 5: sggs23 ($5.05 in chips) 
Seat 6: pedroabreu1 ($5 in chips) 
NottaI: posts small blind $0.02
NuevoMutro: posts big blind $0.05
*** HOLE CARDS ***
Dealt to pedroabreu1 [8c 9c]
sggs23: folds 
pedroabreu1: raises $0.10 to $0.15
Freak0za: folds 
LuckyDayz13: calls $0.15
NottaI: folds 
NuevoMutro: calls $0.10
*** FLOP *** [9h 4c 3c]
NuevoMutro: checks 
pedroabreu1: checks 
LuckyDayz13: checks 
*** TURN *** [9h 4c 3c] [Qc]
NuevoMutro: bets $0.40
pedroabreu1: calls $0.40
LuckyDayz13: folds 
*** RIVER *** [9h 4c 3c Qc] [9s]
NuevoMutro: bets $0.85
pedroabreu1: raises $1.65 to $2.50
NuevoMutro: folds 
Uncalled bet ($1.65) returned to pedroabreu1
pedroabreu1 collected $2.85 from pot
pedroabreu1: doesn't show hand 
*** SUMMARY ***
Total pot $2.97 | Rake $0.12 
Board [9h 4c 3c Qc 9s]
Seat 1: Freak0za folded before Flop (didn't bet)
Seat 2: LuckyDayz13 (button) folded on the Turn
Seat 3: NottaI (small blind) folded before Flop
Seat 4: NuevoMutro (big blind) folded on the River
Seat 5: sggs23 folded before Flop (didn't bet)
Seat 6: pedroabreu1 collected ($2.85)



PokerStars Hand #164796037220:  Hold'em No Limit ($0.02/$0.05 USD) - 2017/01/18 16:25:18 ET
Table 'Hynek II' 6-max Seat #3 is the button
Seat 1: Freak0za ($8.56 in chips) 
Seat 2: LuckyDayz13 ($3.13 in chips) 
Seat 3: NottaI ($5 in chips) 
Seat 4: NuevoMutro ($10.34 in chips) 
Seat 5: sggs23 ($5.05 in chips) 
Seat 6: pedroabreu1 ($6.45 in chips) 
NuevoMutro: posts small blind $0.02
sggs23: posts big blind $0.05
*** HOLE CARDS ***
Dealt to pedroabreu1 [2s 5c]
pedroabreu1: folds 
Freak0za: folds 
LuckyDayz13: folds 
NottaI: folds 
NuevoMutro: folds 
Uncalled bet ($0.03) returned to sggs23
sggs23 collected $0.04 from pot
*** SUMMARY ***
Total pot $0.04 | Rake $0 
Seat 1: Freak0za folded before Flop (didn't bet)
Seat 2: LuckyDayz13 folded before Flop (didn't bet)
Seat 3: NottaI (button) folded before Flop (didn't bet)
Seat 4: NuevoMutro (small blind) folded before Flop
Seat 5: sggs23 (big blind) collected ($0.04)
Seat 6: pedroabreu1 folded before Flop (didn't bet)



PokerStars Hand #164796046350:  Hold'em No Limit ($0.02/$0.05 USD) - 2017/01/18 16:25:27 ET
Table 'Hynek II' 6-max Seat #4 is the button
Seat 1: Freak0za ($8.56 in chips) 
Seat 2: LuckyDayz13 ($3.13 in chips) 
Seat 3: NottaI ($5 in chips) 
Seat 4: NuevoMutro ($10.32 in chips) 
Seat 5: sggs23 ($5.07 in chips) 
Seat 6: pedroabreu1 ($6.45 in chips) 
sggs23: posts small blind $0.02
pedroabreu1: posts big blind $0.05
*** HOLE CARDS ***
Dealt to pedroabreu1 [Qh 6h]
Freak0za: folds 
LuckyDayz13: calls $0.05
NottaI: raises $0.05 to $0.10
NuevoMutro: folds 
sggs23: folds 
pedroabreu1: folds 
LuckyDayz13: calls $0.05
*** FLOP *** [9c 5h 8s]
LuckyDayz13: checks 
NottaI: bets $0.17
LuckyDayz13: raises $0.17 to $0.34
NottaI: folds 
Uncalled bet ($0.17) returned to LuckyDayz13
LuckyDayz13 collected $0.58 from pot
LuckyDayz13: doesn't show hand 
*** SUMMARY ***
Total pot $0.61 | Rake $0.03 
Board [9c 5h 8s]
Seat 1: Freak0za folded before Flop (didn't bet)
Seat 2: LuckyDayz13 collected ($0.58)
Seat 3: NottaI folded on the Flop
Seat 4: NuevoMutro (button) folded before Flop (didn't bet)
Seat 5: sggs23 (small blind) folded before Flop
Seat 6: pedroabreu1 (big blind) folded before Flop



PokerStars Hand #164796107630:  Hold'em No Limit ($0.02/$0.05 USD) - 2017/01/18 16:26:23 ET
Table 'Hynek II' 6-max Seat #5 is the button
Seat 1: Freak0za ($8.56 in chips) 
Seat 2: LuckyDayz13 ($3.44 in chips) 
Seat 3: NottaI ($5 in chips) 
Seat 4: NuevoMutro ($10.32 in chips) 
Seat 5: sggs23 ($5.05 in chips) 
Seat 6: pedroabreu1 ($6.40 in chips) 
pedroabreu1: posts small blind $0.02
Freak0za: posts big blind $0.05
*** HOLE CARDS ***
Dealt to pedroabreu1 [Kh 6d]
LuckyDayz13: calls $0.05
NottaI: folds 
NuevoMutro: folds 
sggs23: raises $0.15 to $0.20
pedroabreu1: folds 
Freak0za: folds 
LuckyDayz13: calls $0.15
*** FLOP *** [9s 3s 4c]
LuckyDayz13: checks 
sggs23: checks 
*** TURN *** [9s 3s 4c] [3h]
LuckyDayz13: bets $0.45
sggs23: folds 
Uncalled bet ($0.45) returned to LuckyDayz13
LuckyDayz13 collected $0.45 from pot
LuckyDayz13: doesn't show hand 
*** SUMMARY ***
Total pot $0.47 | Rake $0.02 
Board [9s 3s 4c 3h]
Seat 1: Freak0za (big blind) folded before Flop
Seat 2: LuckyDayz13 collected ($0.45)
Seat 3: NottaI folded before Flop (didn't bet)
Seat 4: NuevoMutro folded before Flop (didn't bet)
Seat 5: sggs23 (button) folded on the Turn
Seat 6: pedroabreu1 (small blind) folded before Flop



PokerStars Hand #164796150630:  Hold'em No Limit ($0.02/$0.05 USD) - 2017/01/18 16:27:07 ET
Table 'Hynek II' 6-max Seat #6 is the button
Seat 1: Freak0za ($8.51 in chips) 
Seat 2: LuckyDayz13 ($3.69 in chips) 
Seat 3: NottaI ($5 in chips) 
Seat 4: NuevoMutro ($10.32 in chips) 
Seat 5: sggs23 ($4.85 in chips) 
Seat 6: pedroabreu1 ($6.38 in chips) 
Freak0za: posts small blind $0.02
LuckyDayz13: posts big blind $0.05
*** HOLE CARDS ***
Dealt to pedroabreu1 [6c Jc]
NottaI: folds 
NuevoMutro: raises $0.07 to $0.12
sggs23: folds 
pedroabreu1: folds 
Freak0za: folds 
LuckyDayz13: calls $0.07
*** FLOP *** [9s 7s As]
LuckyDayz13: checks 
NuevoMutro: checks 
*** TURN *** [9s 7s As] [Qh]
LuckyDayz13: checks 
NuevoMutro: bets $0.18
LuckyDayz13: folds 
Uncalled bet ($0.18) returned to NuevoMutro
NuevoMutro collected $0.25 from pot
*** SUMMARY ***
Total pot $0.26 | Rake $0.01 
Board [9s 7s As Qh]
Seat 1: Freak0za (small blind) folded before Flop
Seat 2: LuckyDayz13 (big blind) folded on the Turn
Seat 3: NottaI folded before Flop (didn't bet)
Seat 4: NuevoMutro collected ($0.25)
Seat 5: sggs23 folded before Flop (didn't bet)
Seat 6: pedroabreu1 (button) folded before Flop (didn't bet)



PokerStars Hand #164796203071:  Hold'em No Limit ($0.02/$0.05 USD) - 2017/01/18 16:28:00 ET
Table 'Hynek II' 6-max Seat #1 is the button
Seat 1: Freak0za ($8.49 in chips) 
Seat 2: LuckyDayz13 ($3.57 in chips) 
Seat 3: NottaI ($5 in chips) 
Seat 4: NuevoMutro ($10.45 in chips) 
Seat 5: sggs23 ($4.85 in chips) 
Seat 6: pedroabreu1 ($6.38 in chips) 
LuckyDayz13: posts small blind $0.02
NottaI: posts big blind $0.05
*** HOLE CARDS ***
Dealt to pedroabreu1 [2s Th]
NuevoMutro: folds 
sggs23: folds 
pedroabreu1: folds 
Freak0za: folds 
LuckyDayz13: calls $0.03
NottaI: checks 
*** FLOP *** [Ks 2h Kc]
LuckyDayz13: bets $3.52 and is all-in
NottaI: folds 
Uncalled bet ($3.52) returned to LuckyDayz13
LuckyDayz13 collected $0.10 from pot
LuckyDayz13: doesn't show hand 
*** SUMMARY ***
Total pot $0.10 | Rake $0 
Board [Ks 2h Kc]
Seat 1: Freak0za (button) folded before Flop (didn't bet)
Seat 2: LuckyDayz13 (small blind) collected ($0.10)
Seat 3: NottaI (big blind) folded on the Flop
Seat 4: NuevoMutro folded before Flop (didn't bet)
Seat 5: sggs23 folded before Flop (didn't bet)
Seat 6: pedroabreu1 folded before Flop (didn't bet)



PokerStars Hand #164796238799:  Hold'em No Limit ($0.02/$0.05 USD) - 2017/01/18 16:28:36 ET
Table 'Hynek II' 6-max Seat #2 is the button
Seat 1: Freak0za ($8.49 in chips) 
Seat 2: LuckyDayz13 ($3.62 in chips) 
Seat 3: NottaI ($5 in chips) 
Seat 4: NuevoMutro ($10.45 in chips) 
Seat 5: sggs23 ($4.85 in chips) 
Seat 6: pedroabreu1 ($6.38 in chips) 
NottaI: posts small blind $0.02
NuevoMutro: posts big blind $0.05
*** HOLE CARDS ***
Dealt to pedroabreu1 [Jc Qc]
sggs23: folds 
pedroabreu1: raises $0.10 to $0.15
Freak0za: folds 
LuckyDayz13: calls $0.15
NottaI: folds 
NuevoMutro: calls $0.10
*** FLOP *** [Kd 6d 3s]
NuevoMutro: checks 
pedroabreu1: checks 
LuckyDayz13: checks 
*** TURN *** [Kd 6d 3s] [7s]
NuevoMutro: checks 
pedroabreu1: checks 
LuckyDayz13: checks 
*** RIVER *** [Kd 6d 3s 7s] [7d]
NuevoMutro: checks 
pedroabreu1: checks 
LuckyDayz13: bets $0.45
NuevoMutro: folds 
pedroabreu1: folds 
Uncalled bet ($0.45) returned to LuckyDayz13
LuckyDayz13 collected $0.45 from pot
LuckyDayz13: doesn't show hand 
*** SUMMARY ***
Total pot $0.47 | Rake $0.02 
Board [Kd 6d 3s 7s 7d]
Seat 1: Freak0za folded before Flop (didn't bet)
Seat 2: LuckyDayz13 (button) collected ($0.45)
Seat 3: NottaI (small blind) folded before Flop
Seat 4: NuevoMutro (big blind) folded on the River
Seat 5: sggs23 folded before Flop (didn't bet)
Seat 6: pedroabreu1 folded on the River



PokerStars Hand #164796285842:  Hold'em No Limit ($0.02/$0.05 USD) - 2017/01/18 16:29:24 ET
Table 'Hynek II' 6-max Seat #3 is the button
Seat 1: Freak0za ($8.49 in chips) 
Seat 2: LuckyDayz13 ($3.92 in chips) 
Seat 3: NottaI ($5 in chips) 
Seat 4: NuevoMutro ($10.30 in chips) 
Seat 5: sggs23 ($4.85 in chips) 
Seat 6: pedroabreu1 ($6.23 in chips) 
NuevoMutro: posts small blind $0.02
sggs23: posts big blind $0.05
*** HOLE CARDS ***
Dealt to pedroabreu1 [Kd Jc]
pedroabreu1: folds 
Freak0za: folds 
LuckyDayz13: folds 
NottaI: raises $0.05 to $0.10
NuevoMutro: folds 
sggs23: folds 
Uncalled bet ($0.05) returned to NottaI
NottaI collected $0.12 from pot
NottaI: doesn't show hand 
*** SUMMARY ***
Total pot $0.12 | Rake $0 
Seat 1: Freak0za folded before Flop (didn't bet)
Seat 2: LuckyDayz13 folded before Flop (didn't bet)
Seat 3: NottaI (button) collected ($0.12)
Seat 4: NuevoMutro (small blind) folded before Flop
Seat 5: sggs23 (big blind) folded before Flop
Seat 6: pedroabreu1 folded before Flop (didn't bet)



PokerStars Hand #164796300112:  Hold'em No Limit ($0.02/$0.05 USD) - 2017/01/18 16:29:39 ET
Table 'Hynek II' 6-max Seat #4 is the button
Seat 1: Freak0za ($8.49 in chips) 
Seat 2: LuckyDayz13 ($3.92 in chips) 
Seat 3: NottaI ($5.07 in chips) 
Seat 4: NuevoMutro ($10.28 in chips) 
Seat 5: sggs23 ($4.80 in chips) 
Seat 6: pedroabreu1 ($6.23 in chips) 
sggs23: posts small blind $0.02
pedroabreu1: posts big blind $0.05
*** HOLE CARDS ***
Dealt to pedroabreu1 [7c 5c]
Freak0za: folds 
LuckyDayz13: calls $0.05
NottaI: folds 
NuevoMutro: folds 
sggs23: folds 
pedroabreu1: checks 
*** FLOP *** [Ad 3s 8d]
pedroabreu1: checks 
LuckyDayz13: bets $0.05
pedroabreu1: folds 
Uncalled bet ($0.05) returned to LuckyDayz13
LuckyDayz13 collected $0.12 from pot
LuckyDayz13: doesn't show hand 
*** SUMMARY ***
Total pot $0.12 | Rake $0 
Board [Ad 3s 8d]
Seat 1: Freak0za folded before Flop (didn't bet)
Seat 2: LuckyDayz13 collected ($0.12)
Seat 3: NottaI folded before Flop (didn't bet)
Seat 4: NuevoMutro (button) folded before Flop (didn't bet)
Seat 5: sggs23 (small blind) folded before Flop
Seat 6: pedroabreu1 (big blind) folded on the Flop



PokerStars Hand #164796328292:  Hold'em No Limit ($0.02/$0.05 USD) - 2017/01/18 16:30:08 ET
Table 'Hynek II' 6-max Seat #5 is the button
Seat 1: Freak0za ($8.49 in chips) 
Seat 2: LuckyDayz13 ($3.99 in chips) 
Seat 3: NottaI ($5.07 in chips) 
Seat 4: NuevoMutro ($10.28 in chips) 
Seat 5: sggs23 ($4.78 in chips) 
Seat 6: pedroabreu1 ($6.18 in chips) 
pedroabreu1: posts small blind $0.02
Freak0za: posts big blind $0.05
*** HOLE CARDS ***
Dealt to pedroabreu1 [6d Ks]
LuckyDayz13: folds 
NottaI: raises $0.10 to $0.15
NuevoMutro: folds 
sggs23: folds 
pedroabreu1: folds 
Freak0za: folds 
Uncalled bet ($0.10) returned to NottaI
NottaI collected $0.12 from pot
NottaI: doesn't show hand 
*** SUMMARY ***
Total pot $0.12 | Rake $0 
Seat 1: Freak0za (big blind) folded before Flop
Seat 2: LuckyDayz13 folded before Flop (didn't bet)
Seat 3: NottaI collected ($0.12)
Seat 4: NuevoMutro folded before Flop (didn't bet)
Seat 5: sggs23 (button) folded before Flop (didn't bet)
Seat 6: pedroabreu1 (small blind) folded before Flop



PokerStars Hand #164796342764:  Hold'em No Limit ($0.02/$0.05 USD) - 2017/01/18 16:30:22 ET
Table 'Hynek II' 6-max Seat #6 is the button
Seat 1: Freak0za ($8.44 in chips) 
Seat 2: LuckyDayz13 ($3.99 in chips) 
Seat 3: NottaI ($5.14 in chips) 
Seat 4: NuevoMutro ($10.28 in chips) 
Seat 5: sggs23 ($4.78 in chips) 
Seat 6: pedroabreu1 ($6.16 in chips) 
Freak0za: posts small blind $0.02
LuckyDayz13: posts big blind $0.05
*** HOLE CARDS ***
Dealt to pedroabreu1 [Qs Jd]
NottaI: raises $0.10 to $0.15
NuevoMutro: folds 
sggs23: folds 
pedroabreu1: folds 
Freak0za: folds 
LuckyDayz13: calls $0.10
*** FLOP *** [2s Qd 6h]
LuckyDayz13: bets $0.31
NottaI: folds 
Uncalled bet ($0.31) returned to LuckyDayz13
LuckyDayz13 collected $0.31 from pot
LuckyDayz13: doesn't show hand 
*** SUMMARY ***
Total pot $0.32 | Rake $0.01 
Board [2s Qd 6h]
Seat 1: Freak0za (small blind) folded before Flop
Seat 2: LuckyDayz13 (big blind) collected ($0.31)
Seat 3: NottaI folded on the Flop
Seat 4: NuevoMutro folded before Flop (didn't bet)
Seat 5: sggs23 folded before Flop (didn't bet)
Seat 6: pedroabreu1 (button) folded before Flop (didn't bet)



PokerStars Hand #164796387225:  Hold'em No Limit ($0.02/$0.05 USD) - 2017/01/18 16:31:07 ET
Table 'Hynek II' 6-max Seat #1 is the button
Seat 1: Freak0za ($8.42 in chips) 
Seat 2: LuckyDayz13 ($4.15 in chips) 
Seat 3: NottaI ($5 in chips) 
Seat 4: NuevoMutro ($10.28 in chips) 
Seat 5: sggs23 ($4.78 in chips) 
Seat 6: pedroabreu1 ($6.16 in chips) 
LuckyDayz13: posts small blind $0.02
NottaI: posts big blind $0.05
*** HOLE CARDS ***
Dealt to pedroabreu1 [2d 6s]
NuevoMutro: raises $0.07 to $0.12
sggs23: calls $0.12
pedroabreu1: folds 
Freak0za: raises $0.43 to $0.55
LuckyDayz13: folds 
NottaI: folds 
NuevoMutro: folds 
sggs23: folds 
Uncalled bet ($0.43) returned to Freak0za
Freak0za collected $0.43 from pot
*** SUMMARY ***
Total pot $0.43 | Rake $0 
Seat 1: Freak0za (button) collected ($0.43)
Seat 2: LuckyDayz13 (small blind) folded before Flop
Seat 3: NottaI (big blind) folded before Flop
Seat 4: NuevoMutro folded before Flop
Seat 5: sggs23 folded before Flop
Seat 6: pedroabreu1 folded before Flop (didn't bet)



PokerStars Hand #164796426944:  Hold'em No Limit ($0.02/$0.05 USD) - 2017/01/18 16:31:47 ET
Table 'Hynek II' 6-max Seat #2 is the button
Seat 1: Freak0za ($8.73 in chips) 
Seat 2: LuckyDayz13 ($4.13 in chips) 
Seat 3: NottaI ($5 in chips) 
Seat 4: NuevoMutro ($10.16 in chips) 
Seat 5: sggs23 ($4.66 in chips) 
Seat 6: pedroabreu1 ($6.16 in chips) 
NottaI: posts small blind $0.02
NuevoMutro: posts big blind $0.05
*** HOLE CARDS ***
Dealt to pedroabreu1 [Kh 3h]
sggs23: folds 
pedroabreu1: folds 
Freak0za: folds 
LuckyDayz13: calls $0.05
NottaI: folds 
NuevoMutro: raises $0.20 to $0.25
LuckyDayz13: folds 
Uncalled bet ($0.20) returned to NuevoMutro
NuevoMutro collected $0.12 from pot
*** SUMMARY ***
Total pot $0.12 | Rake $0 
Seat 1: Freak0za folded before Flop (didn't bet)
Seat 2: LuckyDayz13 (button) folded before Flop
Seat 3: NottaI (small blind) folded before Flop
Seat 4: NuevoMutro (big blind) collected ($0.12)
Seat 5: sggs23 folded before Flop (didn't bet)
Seat 6: pedroabreu1 folded before Flop (didn't bet)



PokerStars Hand #164796452384:  Hold'em No Limit ($0.02/$0.05 USD) - 2017/01/18 16:32:13 ET
Table 'Hynek II' 6-max Seat #3 is the button
Seat 1: Freak0za ($8.73 in chips) 
Seat 2: LuckyDayz13 ($4.08 in chips) 
Seat 3: NottaI ($5 in chips) 
Seat 4: NuevoMutro ($10.23 in chips) 
Seat 5: sggs23 ($4.66 in chips) 
Seat 6: pedroabreu1 ($6.16 in chips) 
NuevoMutro: posts small blind $0.02
sggs23: posts big blind $0.05
*** HOLE CARDS ***
Dealt to pedroabreu1 [6h Ad]
pedroabreu1: folds 
Freak0za: folds 
LuckyDayz13: calls $0.05
NottaI: raises $0.17 to $0.22
NuevoMutro: folds 
sggs23: folds 
LuckyDayz13: calls $0.17
*** FLOP *** [7c Ah 5d]
LuckyDayz13: bets $0.49
NottaI: calls $0.49
*** TURN *** [7c Ah 5d] [8h]
LuckyDayz13: bets $3.37 and is all-in
NottaI: folds 
Uncalled bet ($3.37) returned to LuckyDayz13
LuckyDayz13 collected $1.43 from pot
LuckyDayz13: doesn't show hand 
*** SUMMARY ***
Total pot $1.49 | Rake $0.06 
Board [7c Ah 5d 8h]
Seat 1: Freak0za folded before Flop (didn't bet)
Seat 2: LuckyDayz13 collected ($1.43)
Seat 3: NottaI (button) folded on the Turn
Seat 4: NuevoMutro (small blind) folded before Flop
Seat 5: sggs23 (big blind) folded before Flop
Seat 6: pedroabreu1 folded before Flop (didn't bet)



PokerStars Hand #164796532490:  Hold'em No Limit ($0.02/$0.05 USD) - 2017/01/18 16:33:35 ET
Table 'Hynek II' 6-max Seat #4 is the button
Seat 1: Freak0za ($8.73 in chips) 
Seat 2: LuckyDayz13 ($4.80 in chips) 
Seat 3: NottaI ($5 in chips) 
Seat 4: NuevoMutro ($10.21 in chips) 
Seat 5: sggs23 ($4.61 in chips) 
Seat 6: pedroabreu1 ($6.16 in chips) 
sggs23: posts small blind $0.02
pedroabreu1: posts big blind $0.05
*** HOLE CARDS ***
Dealt to pedroabreu1 [Ts 3c]
Freak0za: folds 
LuckyDayz13: calls $0.05
NottaI: folds 
NuevoMutro: folds 
sggs23: folds 
pedroabreu1: checks 
*** FLOP *** [Tc 5s 7h]
pedroabreu1: checks 
LuckyDayz13: checks 
*** TURN *** [Tc 5s 7h] [3d]
pedroabreu1: bets $0.12
LuckyDayz13: folds 
Uncalled bet ($0.12) returned to pedroabreu1
pedroabreu1 collected $0.12 from pot
pedroabreu1: doesn't show hand 
*** SUMMARY ***
Total pot $0.12 | Rake $0 
Board [Tc 5s 7h 3d]
Seat 1: Freak0za folded before Flop (didn't bet)
Seat 2: LuckyDayz13 folded on the Turn
Seat 3: NottaI folded before Flop (didn't bet)
Seat 4: NuevoMutro (button) folded before Flop (didn't bet)
Seat 5: sggs23 (small blind) folded before Flop
Seat 6: pedroabreu1 (big blind) collected ($0.12)



PokerStars Hand #164796562672:  Hold'em No Limit ($0.02/$0.05 USD) - 2017/01/18 16:34:05 ET
Table 'Hynek II' 6-max Seat #5 is the button
Seat 1: Freak0za ($8.73 in chips) 
Seat 2: LuckyDayz13 ($4.75 in chips) 
Seat 3: NottaI ($5 in chips) 
Seat 4: NuevoMutro ($10.21 in chips) 
Seat 5: sggs23 ($4.59 in chips) 
Seat 6: pedroabreu1 ($6.23 in chips) 
pedroabreu1: posts small blind $0.02
Freak0za: posts big blind $0.05
*** HOLE CARDS ***
Dealt to pedroabreu1 [9d 5c]
LuckyDayz13: folds 
NottaI: raises $0.10 to $0.15
NuevoMutro: folds 
sggs23: folds 
pedroabreu1: folds 
Freak0za: folds 
Uncalled bet ($0.10) returned to NottaI
NottaI collected $0.12 from pot
NottaI: doesn't show hand 
*** SUMMARY ***
Total pot $0.12 | Rake $0 
Seat 1: Freak0za (big blind) folded before Flop
Seat 2: LuckyDayz13 folded before Flop (didn't bet)
Seat 3: NottaI collected ($0.12)
Seat 4: NuevoMutro folded before Flop (didn't bet)
Seat 5: sggs23 (button) folded before Flop (didn't bet)
Seat 6: pedroabreu1 (small blind) folded before Flop



PokerStars Hand #164796588230:  Hold'em No Limit ($0.02/$0.05 USD) - 2017/01/18 16:34:31 ET
Table 'Hynek II' 6-max Seat #6 is the button
Seat 1: Freak0za ($8.68 in chips) 
Seat 2: LuckyDayz13 ($4.75 in chips) 
Seat 3: NottaI ($5.07 in chips) 
Seat 4: NuevoMutro ($10.21 in chips) 
Seat 5: sggs23 ($4.59 in chips) 
Seat 6: pedroabreu1 ($6.21 in chips) 
Freak0za: posts small blind $0.02
LuckyDayz13: posts big blind $0.05
*** HOLE CARDS ***
Dealt to pedroabreu1 [2h 9d]
NottaI: raises $0.10 to $0.15
NuevoMutro: folds 
sggs23: folds 
pedroabreu1: folds 
Freak0za: raises $0.35 to $0.50
LuckyDayz13: folds 
NottaI: calls $0.35
*** FLOP *** [5c 7h Qs]
Freak0za: bets $0.76
NottaI: folds 
Uncalled bet ($0.76) returned to Freak0za
Freak0za collected $1.01 from pot
*** SUMMARY ***
Total pot $1.05 | Rake $0.04 
Board [5c 7h Qs]
Seat 1: Freak0za (small blind) collected ($1.01)
Seat 2: LuckyDayz13 (big blind) folded before Flop
Seat 3: NottaI folded on the Flop
Seat 4: NuevoMutro folded before Flop (didn't bet)
Seat 5: sggs23 folded before Flop (didn't bet)
Seat 6: pedroabreu1 (button) folded before Flop (didn't bet)



PokerStars Hand #164796638233:  Hold'em No Limit ($0.02/$0.05 USD) - 2017/01/18 16:35:22 ET
Table 'Hynek II' 6-max Seat #1 is the button
Seat 1: Freak0za ($9.19 in chips) 
Seat 2: LuckyDayz13 ($4.70 in chips) 
Seat 3: NottaI ($5 in chips) 
Seat 4: NuevoMutro ($10.21 in chips) 
Seat 5: sggs23 ($4.59 in chips) 
Seat 6: pedroabreu1 ($6.21 in chips) 
LuckyDayz13: posts small blind $0.02
NottaI: posts big blind $0.05
*** HOLE CARDS ***
Dealt to pedroabreu1 [Jh Qh]
NuevoMutro: folds 
sggs23: folds 
pedroabreu1: raises $0.10 to $0.15
Freak0za: folds 
LuckyDayz13: calls $0.13
NottaI: calls $0.10
*** FLOP *** [As Tc 7h]
LuckyDayz13: bets $0.43
NottaI: calls $0.43
pedroabreu1: folds 
*** TURN *** [As Tc 7h] [8d]
LuckyDayz13: bets $1.26
NottaI: calls $1.26
*** RIVER *** [As Tc 7h 8d] [5d]
LuckyDayz13: bets $2.86 and is all-in
NottaI: calls $2.86
*** SHOW DOWN ***
LuckyDayz13: shows [9s Td] (a pair of Tens)
NottaI: shows [Ah 3h] (a pair of Aces)
NottaI collected $9.15 from pot
*** SUMMARY ***
Total pot $9.55 | Rake $0.40 
Board [As Tc 7h 8d 5d]
Seat 1: Freak0za (button) folded before Flop (didn't bet)
Seat 2: LuckyDayz13 (small blind) showed [9s Td] and lost with a pair of Tens
Seat 3: NottaI (big blind) showed [Ah 3h] and won ($9.15) with a pair of Aces
Seat 4: NuevoMutro folded before Flop (didn't bet)
Seat 5: sggs23 folded before Flop (didn't bet)
Seat 6: pedroabreu1 folded on the Flop



PokerStars Hand #164796702899:  Hold'em No Limit ($0.02/$0.05 USD) - 2017/01/18 16:36:29 ET
Table 'Hynek II' 6-max Seat #3 is the button
Seat 1: Freak0za ($9.19 in chips) 
Seat 3: NottaI ($9.45 in chips) 
Seat 4: NuevoMutro ($10.21 in chips) 
Seat 5: sggs23 ($4.59 in chips) 
Seat 6: pedroabreu1 ($6.06 in chips) 
NuevoMutro: posts small blind $0.02
sggs23: posts big blind $0.05
*** HOLE CARDS ***
Dealt to pedroabreu1 [Qs 2c]
LuckyDayz13 leaves the table
pedroabreu1: folds 
Freak0za: raises $0.12 to $0.17
NottaI: calls $0.17
NuevoMutro: folds 
sggs23: folds 
*** FLOP *** [8c As Jc]
Freak0za: bets $0.26
NottaI: folds 
Uncalled bet ($0.26) returned to Freak0za
Freak0za collected $0.39 from pot
*** SUMMARY ***
Total pot $0.41 | Rake $0.02 
Board [8c As Jc]
Seat 1: Freak0za collected ($0.39)
Seat 3: NottaI (button) folded on the Flop
Seat 4: NuevoMutro (small blind) folded before Flop
Seat 5: sggs23 (big blind) folded before Flop
Seat 6: pedroabreu1 folded before Flop (didn't bet)



PokerStars Hand #164796739324:  Hold'em No Limit ($0.02/$0.05 USD) - 2017/01/18 16:37:06 ET
Table 'Hynek II' 6-max Seat #4 is the button
Seat 1: Freak0za ($9.41 in chips) 
Seat 3: NottaI ($9.28 in chips) 
Seat 4: NuevoMutro ($10.19 in chips) 
Seat 6: pedroabreu1 ($6.06 in chips) 
pedroabreu1: posts small blind $0.02
Freak0za: posts big blind $0.05
*** HOLE CARDS ***
Dealt to pedroabreu1 [3c Ts]
NottaI: folds 
NuevoMutro: raises $0.07 to $0.12
jonnyZzzzzzz joins the table at seat #2 
pedroabreu1: folds 
Freak0za: folds 
Uncalled bet ($0.07) returned to NuevoMutro
NuevoMutro collected $0.12 from pot
*** SUMMARY ***
Total pot $0.12 | Rake $0 
Seat 1: Freak0za (big blind) folded before Flop
Seat 3: NottaI folded before Flop (didn't bet)
Seat 4: NuevoMutro (button) collected ($0.12)
Seat 6: pedroabreu1 (small blind) folded before Flop



PokerStars Hand #164796756788:  Hold'em No Limit ($0.02/$0.05 USD) - 2017/01/18 16:37:24 ET
Table 'Hynek II' 6-max Seat #6 is the button
Seat 1: Freak0za ($9.36 in chips) 
Seat 2: jonnyZzzzzzz ($5 in chips) 
Seat 3: NottaI ($9.28 in chips) 
Seat 4: NuevoMutro ($10.26 in chips) 
Seat 6: pedroabreu1 ($6.04 in chips) 
Freak0za: posts small blind $0.02
jonnyZzzzzzz: posts big blind $0.05
*** HOLE CARDS ***
Dealt to pedroabreu1 [Jh 8d]
NottaI: folds 
NuevoMutro: folds 
pedroabreu1: folds 
Freak0za: raises $0.10 to $0.15
jonnyZzzzzzz: calls $0.10
*** FLOP *** [2c 4d Ac]
Freak0za: checks 
jonnyZzzzzzz: bets $0.15
Freak0za: folds 
Uncalled bet ($0.15) returned to jonnyZzzzzzz
jonnyZzzzzzz collected $0.29 from pot
*** SUMMARY ***
Total pot $0.30 | Rake $0.01 
Board [2c 4d Ac]
Seat 1: Freak0za (small blind) folded on the Flop
Seat 2: jonnyZzzzzzz (big blind) collected ($0.29)
Seat 3: NottaI folded before Flop (didn't bet)
Seat 4: NuevoMutro folded before Flop (didn't bet)
Seat 6: pedroabreu1 (button) folded before Flop (didn't bet)



PokerStars Hand #164796786219:  Hold'em No Limit ($0.02/$0.05 USD) - 2017/01/18 16:37:54 ET
Table 'Hynek II' 6-max Seat #1 is the button
Seat 1: Freak0za ($9.21 in chips) 
Seat 2: jonnyZzzzzzz ($5.14 in chips) 
Seat 4: NuevoMutro ($10.26 in chips) 
Seat 6: pedroabreu1 ($6.04 in chips) 
jonnyZzzzzzz: posts small blind $0.02
NottaI: is sitting out 
NuevoMutro: posts big blind $0.05
*** HOLE CARDS ***
Dealt to pedroabreu1 [Td 6d]
pedroabreu1: folds 
Freak0za: raises $0.12 to $0.17
NottaI leaves the table
IvanBritv joins the table at seat #3 
jonnyZzzzzzz: folds 
NuevoMutro: folds 
Uncalled bet ($0.12) returned to Freak0za
Freak0za collected $0.12 from pot
*** SUMMARY ***
Total pot $0.12 | Rake $0 
Seat 1: Freak0za (button) collected ($0.12)
Seat 2: jonnyZzzzzzz (small blind) folded before Flop
Seat 4: NuevoMutro (big blind) folded before Flop
Seat 6: pedroabreu1 folded before Flop (didn't bet)



PokerStars Hand #164796804997:  Hold'em No Limit ($0.02/$0.05 USD) - 2017/01/18 16:38:13 ET
Table 'Hynek II' 6-max Seat #2 is the button
Seat 1: Freak0za ($9.28 in chips) 
Seat 2: jonnyZzzzzzz ($5.12 in chips) 
Seat 4: NuevoMutro ($10.21 in chips) 
Seat 6: pedroabreu1 ($6.04 in chips) 
IvanBritv will be allowed to play after the button
NuevoMutro: posts small blind $0.02
pedroabreu1: posts big blind $0.05
*** HOLE CARDS ***
Dealt to pedroabreu1 [4c 4h]
IvanBritv leaves the table
Freak0za: folds 
jonnyZzzzzzz: folds 
NuevoMutro: raises $0.07 to $0.12
pedroabreu1: calls $0.07
*** FLOP *** [8c 8s Jd]
NuevoMutro: bets $0.12
pedroabreu1: folds 
Uncalled bet ($0.12) returned to NuevoMutro
NuevoMutro collected $0.23 from pot
*** SUMMARY ***
Total pot $0.24 | Rake $0.01 
Board [8c 8s Jd]
Seat 1: Freak0za folded before Flop (didn't bet)
Seat 2: jonnyZzzzzzz (button) folded before Flop (didn't bet)
Seat 4: NuevoMutro (small blind) collected ($0.23)
Seat 6: pedroabreu1 (big blind) folded on the Flop



PokerStars Hand #164796834499:  Hold'em No Limit ($0.02/$0.05 USD) - 2017/01/18 16:38:43 ET
Table 'Hynek II' 6-max Seat #4 is the button
Seat 1: Freak0za ($9.28 in chips) 
Seat 2: jonnyZzzzzzz ($5.12 in chips) 
Seat 4: NuevoMutro ($10.32 in chips) 
Seat 6: pedroabreu1 ($5.92 in chips) 
pedroabreu1: posts small blind $0.02
Freak0za: posts big blind $0.05
*** HOLE CARDS ***
Dealt to pedroabreu1 [Ac 8c]
jonnyZzzzzzz: raises $0.10 to $0.15
NuevoMutro: folds 
pedroabreu1: calls $0.13
Freak0za: calls $0.10
*** FLOP *** [Ks Ah 8s]
pedroabreu1: checks 
Freak0za: checks 
jonnyZzzzzzz: bets $0.28
pedroabreu1: calls $0.28
Freak0za: folds 
*** TURN *** [Ks Ah 8s] [Kh]
pedroabreu1: checks 
jonnyZzzzzzz: checks 
*** RIVER *** [Ks Ah 8s Kh] [Kd]
pedroabreu1: checks 
jonnyZzzzzzz: checks 
*** SHOW DOWN ***
pedroabreu1: shows [Ac 8c] (a full house, Kings full of Aces)
jonnyZzzzzzz: mucks hand 
pedroabreu1 collected $0.97 from pot
*** SUMMARY ***
Total pot $1.01 | Rake $0.04 
Board [Ks Ah 8s Kh Kd]
Seat 1: Freak0za (big blind) folded on the Flop
Seat 2: jonnyZzzzzzz mucked [Qd 8d]
Seat 4: NuevoMutro (button) folded before Flop (didn't bet)
Seat 6: pedroabreu1 (small blind) showed [Ac 8c] and won ($0.97) with a full house, Kings full of Aces



PokerStars Hand #164796883336:  Hold'em No Limit ($0.02/$0.05 USD) - 2017/01/18 16:39:34 ET
Table 'Hynek II' 6-max Seat #6 is the button
Seat 1: Freak0za ($9.13 in chips) 
Seat 2: jonnyZzzzzzz ($4.69 in chips) 
Seat 4: NuevoMutro ($10.32 in chips) 
Seat 6: pedroabreu1 ($6.46 in chips) 
Freak0za: posts small blind $0.02
jonnyZzzzzzz: posts big blind $0.05
*** HOLE CARDS ***
Dealt to pedroabreu1 [Tc 3d]
NuevoMutro: raises $0.07 to $0.12
pedroabreu1: folds 
Freak0za: folds 
jonnyZzzzzzz: calls $0.07
*** FLOP *** [6d Qh 3c]
jonnyZzzzzzz: checks 
NuevoMutro: bets $0.18
jonnyZzzzzzz: folds 
Uncalled bet ($0.18) returned to NuevoMutro
NuevoMutro collected $0.25 from pot
*** SUMMARY ***
Total pot $0.26 | Rake $0.01 
Board [6d Qh 3c]
Seat 1: Freak0za (small blind) folded before Flop
Seat 2: jonnyZzzzzzz (big blind) folded on the Flop
Seat 4: NuevoMutro collected ($0.25)
Seat 6: pedroabreu1 (button) folded before Flop (didn't bet)



PokerStars Hand #164796915259:  Hold'em No Limit ($0.02/$0.05 USD) - 2017/01/18 16:40:08 ET
Table 'Hynek II' 6-max Seat #1 is the button
Seat 1: Freak0za ($9.11 in chips) 
Seat 2: jonnyZzzzzzz ($4.57 in chips) 
Seat 4: NuevoMutro ($10.45 in chips) 
Seat 6: pedroabreu1 ($6.46 in chips) 
jonnyZzzzzzz: posts small blind $0.02
NuevoMutro: posts big blind $0.05
*** HOLE CARDS ***
Dealt to pedroabreu1 [7h Ts]
Lao Tsy joins the table at seat #3 
pedroabreu1: folds 
Freak0za: raises $0.12 to $0.17
jonnyZzzzzzz: folds 
NuevoMutro: raises $0.33 to $0.50
Freak0za: calls $0.33
*** FLOP *** [6c 5c Tc]
Lao Tsy leaves the table
NuevoMutro: checks 
Freak0za: checks 
*** TURN *** [6c 5c Tc] [9c]
NuevoMutro: checks 
Freak0za: bets $0.54
NuevoMutro: calls $0.54
*** RIVER *** [6c 5c Tc 9c] [3c]
NuevoMutro: bets $1.30
Freak0za: folds [9s 9h]
Uncalled bet ($1.30) returned to NuevoMutro
NuevoMutro collected $2.01 from pot
*** SUMMARY ***
Total pot $2.10 | Rake $0.09 
Board [6c 5c Tc 9c 3c]
Seat 1: Freak0za (button) folded on the River
Seat 2: jonnyZzzzzzz (small blind) folded before Flop
Seat 4: NuevoMutro (big blind) collected ($2.01)
Seat 6: pedroabreu1 folded before Flop (didn't bet)



PokerStars Hand #164796998039:  Hold'em No Limit ($0.02/$0.05 USD) - 2017/01/18 16:41:34 ET
Table 'Hynek II' 6-max Seat #2 is the button
Seat 1: Freak0za ($8.07 in chips) 
Seat 2: jonnyZzzzzzz ($4.55 in chips) 
Seat 4: NuevoMutro ($11.42 in chips) 
Seat 6: pedroabreu1 ($6.46 in chips) 
NuevoMutro: posts small blind $0.02
pedroabreu1: posts big blind $0.05
*** HOLE CARDS ***
Dealt to pedroabreu1 [7d 8h]
Freak0za: folds 
jonnyZzzzzzz: folds 
NuevoMutro: raises $0.07 to $0.12
pedroabreu1: folds 
Uncalled bet ($0.07) returned to NuevoMutro
NuevoMutro collected $0.10 from pot
*** SUMMARY ***
Total pot $0.10 | Rake $0 
Seat 1: Freak0za folded before Flop (didn't bet)
Seat 2: jonnyZzzzzzz (button) folded before Flop (didn't bet)
Seat 4: NuevoMutro (small blind) collected ($0.10)
Seat 6: pedroabreu1 (big blind) folded before Flop



PokerStars Hand #164797005716:  Hold'em No Limit ($0.02/$0.05 USD) - 2017/01/18 16:41:42 ET
Table 'Hynek II' 6-max Seat #4 is the button
Seat 1: Freak0za ($8.07 in chips) 
Seat 2: jonnyZzzzzzz ($4.55 in chips) 
Seat 4: NuevoMutro ($11.47 in chips) 
Seat 6: pedroabreu1 ($6.41 in chips) 
pedroabreu1: posts small blind $0.02
Freak0za: posts big blind $0.05
*** HOLE CARDS ***
Dealt to pedroabreu1 [Ts 2c]
jonnyZzzzzzz: folds 
NuevoMutro: raises $0.07 to $0.12
pedroabreu1: folds 
Freak0za: folds 
Uncalled bet ($0.07) returned to NuevoMutro
NuevoMutro collected $0.12 from pot
*** SUMMARY ***
Total pot $0.12 | Rake $0 
Seat 1: Freak0za (big blind) folded before Flop
Seat 2: jonnyZzzzzzz folded before Flop (didn't bet)
Seat 4: NuevoMutro (button) collected ($0.12)
Seat 6: pedroabreu1 (small blind) folded before Flop



PokerStars Hand #164797025468:  Hold'em No Limit ($0.02/$0.05 USD) - 2017/01/18 16:42:03 ET
Table 'Hynek II' 6-max Seat #6 is the button
Seat 1: Freak0za ($8.02 in chips) 
Seat 2: jonnyZzzzzzz ($4.55 in chips) 
Seat 4: NuevoMutro ($11.54 in chips) 
Seat 6: pedroabreu1 ($6.39 in chips) 
Freak0za: posts small blind $0.02
jonnyZzzzzzz: posts big blind $0.05
*** HOLE CARDS ***
Dealt to pedroabreu1 [7c 2h]
NuevoMutro: folds 
pedroabreu1: folds 
de1ty joins the table at seat #3 
Freak0za: raises $0.10 to $0.15
jonnyZzzzzzz: raises $0.29 to $0.44
Freak0za: folds 
Uncalled bet ($0.29) returned to jonnyZzzzzzz
jonnyZzzzzzz collected $0.30 from pot
*** SUMMARY ***
Total pot $0.30 | Rake $0 
Seat 1: Freak0za (small blind) folded before Flop
Seat 2: jonnyZzzzzzz (big blind) collected ($0.30)
Seat 4: NuevoMutro folded before Flop (didn't bet)
Seat 6: pedroabreu1 (button) folded before Flop (didn't bet)



PokerStars Hand #164797054666:  Hold'em No Limit ($0.02/$0.05 USD) - 2017/01/18 16:42:33 ET
Table 'Hynek II' 6-max Seat #1 is the button
Seat 1: Freak0za ($7.87 in chips) 
Seat 2: jonnyZzzzzzz ($4.70 in chips) 
Seat 3: de1ty ($5 in chips) 
Seat 4: NuevoMutro ($11.54 in chips) 
Seat 6: pedroabreu1 ($6.39 in chips) 
jonnyZzzzzzz: posts small blind $0.02
de1ty: posts big blind $0.05
sggs23: sits out 
*** HOLE CARDS ***
Dealt to pedroabreu1 [5d Qc]
NuevoMutro: folds 
pedroabreu1: folds 
Freak0za: raises $0.12 to $0.17
jonnyZzzzzzz: folds 
de1ty: folds 
Uncalled bet ($0.12) returned to Freak0za
Freak0za collected $0.12 from pot
*** SUMMARY ***
Total pot $0.12 | Rake $0 
Seat 1: Freak0za (button) collected ($0.12)
Seat 2: jonnyZzzzzzz (small blind) folded before Flop
Seat 3: de1ty (big blind) folded before Flop
Seat 4: NuevoMutro folded before Flop (didn't bet)
Seat 6: pedroabreu1 folded before Flop (didn't bet)



PokerStars Hand #164797067622:  Hold'em No Limit ($0.02/$0.05 USD) - 2017/01/18 16:42:46 ET
Table 'Hynek II' 6-max Seat #2 is the button
Seat 1: Freak0za ($7.94 in chips) 
Seat 2: jonnyZzzzzzz ($4.68 in chips) 
Seat 3: de1ty ($5 in chips) 
Seat 4: NuevoMutro ($11.54 in chips) 
Seat 6: pedroabreu1 ($6.39 in chips) 
de1ty: posts small blind $0.02
NuevoMutro: posts big blind $0.05
sggs23: sits out 
*** HOLE CARDS ***
Dealt to pedroabreu1 [Qc 9c]
pedroabreu1: raises $0.10 to $0.15
Freak0za: folds 
jonnyZzzzzzz: calls $0.15
de1ty: folds 
NuevoMutro: calls $0.10
*** FLOP *** [8d 3c Ts]
NuevoMutro: checks 
pedroabreu1: checks 
jonnyZzzzzzz: bets $0.23
NuevoMutro: calls $0.23
pedroabreu1: folds 
*** TURN *** [8d 3c Ts] [Qh]
NuevoMutro: checks 
jonnyZzzzzzz: bets $0.68
NuevoMutro: calls $0.68
*** RIVER *** [8d 3c Ts Qh] [2d]
NuevoMutro: checks 
jonnyZzzzzzz: bets $1.06
NuevoMutro: raises $9.42 to $10.48 and is all-in
jonnyZzzzzzz: calls $2.56 and is all-in
Uncalled bet ($6.86) returned to NuevoMutro
*** SHOW DOWN ***
NuevoMutro: shows [9h Jh] (a straight, Eight to Queen)
jonnyZzzzzzz: shows [Th Qs] (two pair, Queens and Tens)
NuevoMutro collected $9.13 from pot
*** SUMMARY ***
Total pot $9.53 | Rake $0.40 
Board [8d 3c Ts Qh 2d]
Seat 1: Freak0za folded before Flop (didn't bet)
Seat 2: jonnyZzzzzzz (button) showed [Th Qs] and lost with two pair, Queens and Tens
Seat 3: de1ty (small blind) folded before Flop
Seat 4: NuevoMutro (big blind) showed [9h Jh] and won ($9.13) with a straight, Eight to Queen
Seat 6: pedroabreu1 folded on the Flop



PokerStars Hand #164797161522:  Hold'em No Limit ($0.02/$0.05 USD) - 2017/01/18 16:44:24 ET
Table 'Hynek II' 6-max Seat #3 is the button
Seat 1: Freak0za ($7.94 in chips) 
Seat 2: jonnyZzzzzzz ($5 in chips) 
Seat 3: de1ty ($5 in chips) 
Seat 4: NuevoMutro ($15.99 in chips) 
Seat 5: sggs23 ($4.54 in chips) 
Seat 6: pedroabreu1 ($6.24 in chips) 
NuevoMutro: posts small blind $0.02
sggs23: posts big blind $0.05
*** HOLE CARDS ***
Dealt to pedroabreu1 [9c Ks]
pedroabreu1: folds 
Freak0za: folds 
jonnyZzzzzzz: folds 
de1ty: folds 
NuevoMutro: folds 
Uncalled bet ($0.03) returned to sggs23
sggs23 collected $0.04 from pot
*** SUMMARY ***
Total pot $0.04 | Rake $0 
Seat 1: Freak0za folded before Flop (didn't bet)
Seat 2: jonnyZzzzzzz folded before Flop (didn't bet)
Seat 3: de1ty (button) folded before Flop (didn't bet)
Seat 4: NuevoMutro (small blind) folded before Flop
Seat 5: sggs23 (big blind) collected ($0.04)
Seat 6: pedroabreu1 folded before Flop (didn't bet)



PokerStars Hand #164797174300:  Hold'em No Limit ($0.02/$0.05 USD) - 2017/01/18 16:44:37 ET
Table 'Hynek II' 6-max Seat #4 is the button
Seat 1: Freak0za ($7.94 in chips) 
Seat 2: jonnyZzzzzzz ($5 in chips) 
Seat 3: de1ty ($5 in chips) 
Seat 4: NuevoMutro ($15.97 in chips) 
Seat 5: sggs23 ($4.56 in chips) 
Seat 6: pedroabreu1 ($6.24 in chips) 
sggs23: posts small blind $0.02
pedroabreu1: posts big blind $0.05
*** HOLE CARDS ***
Dealt to pedroabreu1 [9d 4s]
Freak0za: folds 
jonnyZzzzzzz: folds 
de1ty: raises $0.08 to $0.13
NuevoMutro: folds 
sggs23: folds 
pedroabreu1: folds 
Uncalled bet ($0.08) returned to de1ty
de1ty collected $0.12 from pot
de1ty: doesn't show hand 
*** SUMMARY ***
Total pot $0.12 | Rake $0 
Seat 1: Freak0za folded before Flop (didn't bet)
Seat 2: jonnyZzzzzzz folded before Flop (didn't bet)
Seat 3: de1ty collected ($0.12)
Seat 4: NuevoMutro (button) folded before Flop (didn't bet)
Seat 5: sggs23 (small blind) folded before Flop
Seat 6: pedroabreu1 (big blind) folded before Flop



PokerStars Hand #164797195706:  Hold'em No Limit ($0.02/$0.05 USD) - 2017/01/18 16:44:59 ET
Table 'Hynek II' 6-max Seat #5 is the button
Seat 1: Freak0za ($7.94 in chips) 
Seat 2: jonnyZzzzzzz ($5 in chips) 
Seat 3: de1ty ($5.07 in chips) 
Seat 4: NuevoMutro ($15.97 in chips) 
Seat 5: sggs23 ($4.54 in chips) 
Seat 6: pedroabreu1 ($6.19 in chips) 
pedroabreu1: posts small blind $0.02
Freak0za: posts big blind $0.05
*** HOLE CARDS ***
Dealt to pedroabreu1 [2d Ts]
jonnyZzzzzzz: raises $0.10 to $0.15
de1ty: folds 
NuevoMutro: folds 
sggs23: folds 
pedroabreu1: folds 
Freak0za: folds 
Uncalled bet ($0.10) returned to jonnyZzzzzzz
jonnyZzzzzzz collected $0.12 from pot
*** SUMMARY ***
Total pot $0.12 | Rake $0 
Seat 1: Freak0za (big blind) folded before Flop
Seat 2: jonnyZzzzzzz collected ($0.12)
Seat 3: de1ty folded before Flop (didn't bet)
Seat 4: NuevoMutro folded before Flop (didn't bet)
Seat 5: sggs23 (button) folded before Flop (didn't bet)
Seat 6: pedroabreu1 (small blind) folded before Flop



PokerStars Hand #164797207260:  Hold'em No Limit ($0.02/$0.05 USD) - 2017/01/18 16:45:11 ET
Table 'Hynek II' 6-max Seat #6 is the button
Seat 1: Freak0za ($7.89 in chips) 
Seat 2: jonnyZzzzzzz ($5.07 in chips) 
Seat 3: de1ty ($5.07 in chips) 
Seat 4: NuevoMutro ($15.97 in chips) 
Seat 5: sggs23 ($4.54 in chips) 
Seat 6: pedroabreu1 ($6.17 in chips) 
Freak0za: posts small blind $0.02
jonnyZzzzzzz: posts big blind $0.05
*** HOLE CARDS ***
Dealt to pedroabreu1 [5h 3c]
de1ty: folds 
NuevoMutro: folds 
sggs23: raises $0.10 to $0.15
pedroabreu1: folds 
Freak0za: folds 
jonnyZzzzzzz: folds 
Uncalled bet ($0.10) returned to sggs23
sggs23 collected $0.12 from pot
sggs23: doesn't show hand 
*** SUMMARY ***
Total pot $0.12 | Rake $0 
Seat 1: Freak0za (small blind) folded before Flop
Seat 2: jonnyZzzzzzz (big blind) folded before Flop
Seat 3: de1ty folded before Flop (didn't bet)
Seat 4: NuevoMutro folded before Flop (didn't bet)
Seat 5: sggs23 collected ($0.12)
Seat 6: pedroabreu1 (button) folded before Flop (didn't bet)



PokerStars Hand #164797222774:  Hold'em No Limit ($0.02/$0.05 USD) - 2017/01/18 16:45:27 ET
Table 'Hynek II' 6-max Seat #1 is the button
Seat 1: Freak0za ($7.87 in chips) 
Seat 2: jonnyZzzzzzz ($5.02 in chips) 
Seat 3: de1ty ($5.07 in chips) 
Seat 4: NuevoMutro ($15.97 in chips) 
Seat 5: sggs23 ($4.61 in chips) 
Seat 6: pedroabreu1 ($6.17 in chips) 
jonnyZzzzzzz: posts small blind $0.02
de1ty: posts big blind $0.05
*** HOLE CARDS ***
Dealt to pedroabreu1 [6h 7s]
NuevoMutro: folds 
sggs23: folds 
pedroabreu1: folds 
Freak0za: folds 
jonnyZzzzzzz: folds 
Uncalled bet ($0.03) returned to de1ty
de1ty collected $0.04 from pot
de1ty: doesn't show hand 
*** SUMMARY ***
Total pot $0.04 | Rake $0 
Seat 1: Freak0za (button) folded before Flop (didn't bet)
Seat 2: jonnyZzzzzzz (small blind) folded before Flop
Seat 3: de1ty (big blind) collected ($0.04)
Seat 4: NuevoMutro folded before Flop (didn't bet)
Seat 5: sggs23 folded before Flop (didn't bet)
Seat 6: pedroabreu1 folded before Flop (didn't bet)



PokerStars Hand #164797234922:  Hold'em No Limit ($0.02/$0.05 USD) - 2017/01/18 16:45:39 ET
Table 'Hynek II' 6-max Seat #2 is the button
Seat 1: Freak0za ($7.87 in chips) 
Seat 2: jonnyZzzzzzz ($5 in chips) 
Seat 3: de1ty ($5.09 in chips) 
Seat 4: NuevoMutro ($15.97 in chips) 
Seat 5: sggs23 ($4.61 in chips) 
Seat 6: pedroabreu1 ($6.17 in chips) 
de1ty: posts small blind $0.02
NuevoMutro: posts big blind $0.05
*** HOLE CARDS ***
Dealt to pedroabreu1 [2s Qc]
sggs23: folds 
pedroabreu1: folds 
Freak0za: raises $0.12 to $0.17
jonnyZzzzzzz: folds 
de1ty: folds 
NuevoMutro: folds 
Uncalled bet ($0.12) returned to Freak0za
Freak0za collected $0.12 from pot
*** SUMMARY ***
Total pot $0.12 | Rake $0 
Seat 1: Freak0za collected ($0.12)
Seat 2: jonnyZzzzzzz (button) folded before Flop (didn't bet)
Seat 3: de1ty (small blind) folded before Flop
Seat 4: NuevoMutro (big blind) folded before Flop
Seat 5: sggs23 folded before Flop (didn't bet)
Seat 6: pedroabreu1 folded before Flop (didn't bet)



PokerStars Hand #164797258532:  Hold'em No Limit ($0.02/$0.05 USD) - 2017/01/18 16:46:04 ET
Table 'Hynek II' 6-max Seat #3 is the button
Seat 1: Freak0za ($7.94 in chips) 
Seat 2: jonnyZzzzzzz ($5 in chips) 
Seat 3: de1ty ($5.07 in chips) 
Seat 4: NuevoMutro ($15.92 in chips) 
Seat 5: sggs23 ($4.61 in chips) 
Seat 6: pedroabreu1 ($6.17 in chips) 
NuevoMutro: posts small blind $0.02
sggs23: posts big blind $0.05
*** HOLE CARDS ***
Dealt to pedroabreu1 [4d 7s]
pedroabreu1: folds 
Freak0za: folds 
jonnyZzzzzzz: raises $0.10 to $0.15
de1ty: folds 
NuevoMutro: folds 
sggs23: folds 
Uncalled bet ($0.10) returned to jonnyZzzzzzz
jonnyZzzzzzz collected $0.12 from pot
*** SUMMARY ***
Total pot $0.12 | Rake $0 
Seat 1: Freak0za folded before Flop (didn't bet)
Seat 2: jonnyZzzzzzz collected ($0.12)
Seat 3: de1ty (button) folded before Flop (didn't bet)
Seat 4: NuevoMutro (small blind) folded before Flop
Seat 5: sggs23 (big blind) folded before Flop
Seat 6: pedroabreu1 folded before Flop (didn't bet)



PokerStars Hand #164797291203:  Hold'em No Limit ($0.02/$0.05 USD) - 2017/01/18 16:46:38 ET
Table 'Hynek II' 6-max Seat #4 is the button
Seat 1: Freak0za ($7.94 in chips) 
Seat 2: jonnyZzzzzzz ($5.07 in chips) 
Seat 3: de1ty ($5.07 in chips) 
Seat 4: NuevoMutro ($15.90 in chips) 
Seat 5: sggs23 ($4.56 in chips) 
Seat 6: pedroabreu1 ($6.17 in chips) 
sggs23: posts small blind $0.02
pedroabreu1: posts big blind $0.05
*** HOLE CARDS ***
Dealt to pedroabreu1 [Ac 7s]
Freak0za: folds 
jonnyZzzzzzz: raises $0.15 to $0.20
de1ty: raises $0.40 to $0.60
NuevoMutro: folds 
sggs23: folds 
pedroabreu1: folds 
jonnyZzzzzzz: folds 
Uncalled bet ($0.40) returned to de1ty
de1ty collected $0.47 from pot
de1ty: doesn't show hand 
*** SUMMARY ***
Total pot $0.47 | Rake $0 
Seat 1: Freak0za folded before Flop (didn't bet)
Seat 2: jonnyZzzzzzz folded before Flop
Seat 3: de1ty collected ($0.47)
Seat 4: NuevoMutro (button) folded before Flop (didn't bet)
Seat 5: sggs23 (small blind) folded before Flop
Seat 6: pedroabreu1 (big blind) folded before Flop



PokerStars Hand #164797323291:  Hold'em No Limit ($0.02/$0.05 USD) - 2017/01/18 16:47:11 ET
Table 'Hynek II' 6-max Seat #5 is the button
Seat 1: Freak0za ($7.94 in chips) 
Seat 2: jonnyZzzzzzz ($4.87 in chips) 
Seat 3: de1ty ($5.34 in chips) 
Seat 4: NuevoMutro ($15.90 in chips) 
Seat 5: sggs23 ($4.54 in chips) 
Seat 6: pedroabreu1 ($6.12 in chips) 
pedroabreu1: posts small blind $0.02
Freak0za: posts big blind $0.05
*** HOLE CARDS ***
Dealt to pedroabreu1 [8s Qh]
jonnyZzzzzzz: raises $0.10 to $0.15
de1ty: folds 
NuevoMutro: folds 
sggs23: folds 
pedroabreu1: folds 
Freak0za: folds 
Uncalled bet ($0.10) returned to jonnyZzzzzzz
jonnyZzzzzzz collected $0.12 from pot
*** SUMMARY ***
Total pot $0.12 | Rake $0 
Seat 1: Freak0za (big blind) folded before Flop
Seat 2: jonnyZzzzzzz collected ($0.12)
Seat 3: de1ty folded before Flop (didn't bet)
Seat 4: NuevoMutro folded before Flop (didn't bet)
Seat 5: sggs23 (button) folded before Flop (didn't bet)
Seat 6: pedroabreu1 (small blind) folded before Flop



PokerStars Hand #164797340029:  Hold'em No Limit ($0.02/$0.05 USD) - 2017/01/18 16:47:28 ET
Table 'Hynek II' 6-max Seat #6 is the button
Seat 1: Freak0za ($7.89 in chips) 
Seat 2: jonnyZzzzzzz ($4.94 in chips) 
Seat 3: de1ty ($5.34 in chips) 
Seat 4: NuevoMutro ($15.90 in chips) 
Seat 5: sggs23 ($5 in chips) 
Seat 6: pedroabreu1 ($6.10 in chips) 
Freak0za: posts small blind $0.02
jonnyZzzzzzz: posts big blind $0.05
*** HOLE CARDS ***
Dealt to pedroabreu1 [4c 5s]
de1ty: folds 
NuevoMutro: raises $0.07 to $0.12
sggs23: folds 
pedroabreu1: folds 
Freak0za: calls $0.10
jonnyZzzzzzz: folds 
*** FLOP *** [7d Jd 3d]
Freak0za: checks 
NuevoMutro: checks 
*** TURN *** [7d Jd 3d] [8h]
Freak0za: checks 
NuevoMutro: checks 
*** RIVER *** [7d Jd 3d 8h] [3h]
Freak0za: checks 
NuevoMutro: bets $0.20
Freak0za: folds 
Uncalled bet ($0.20) returned to NuevoMutro
NuevoMutro collected $0.28 from pot
*** SUMMARY ***
Total pot $0.29 | Rake $0.01 
Board [7d Jd 3d 8h 3h]
Seat 1: Freak0za (small blind) folded on the River
Seat 2: jonnyZzzzzzz (big blind) folded before Flop
Seat 3: de1ty folded before Flop (didn't bet)
Seat 4: NuevoMutro collected ($0.28)
Seat 5: sggs23 folded before Flop (didn't bet)
Seat 6: pedroabreu1 (button) folded before Flop (didn't bet)



PokerStars Hand #164797396250:  Hold'em No Limit ($0.02/$0.05 USD) - 2017/01/18 16:48:24 ET
Table 'Hynek II' 6-max Seat #1 is the button
Seat 1: Freak0za ($7.77 in chips) 
Seat 2: jonnyZzzzzzz ($4.89 in chips) 
Seat 3: de1ty ($5.34 in chips) 
Seat 4: NuevoMutro ($16.06 in chips) 
Seat 5: sggs23 ($5 in chips) 
Seat 6: pedroabreu1 ($6.10 in chips) 
jonnyZzzzzzz: posts small blind $0.02
de1ty: posts big blind $0.05
*** HOLE CARDS ***
Dealt to pedroabreu1 [Td Jh]
NuevoMutro: folds 
sggs23: folds 
pedroabreu1: raises $0.10 to $0.15
Freak0za: folds 
jonnyZzzzzzz: folds 
de1ty: folds 
Uncalled bet ($0.10) returned to pedroabreu1
pedroabreu1 collected $0.12 from pot
pedroabreu1: doesn't show hand 
*** SUMMARY ***
Total pot $0.12 | Rake $0 
Seat 1: Freak0za (button) folded before Flop (didn't bet)
Seat 2: jonnyZzzzzzz (small blind) folded before Flop
Seat 3: de1ty (big blind) folded before Flop
Seat 4: NuevoMutro folded before Flop (didn't bet)
Seat 5: sggs23 folded before Flop (didn't bet)
Seat 6: pedroabreu1 collected ($0.12)



PokerStars Hand #164797416078:  Hold'em No Limit ($0.02/$0.05 USD) - 2017/01/18 16:48:44 ET
Table 'Hynek II' 6-max Seat #2 is the button
Seat 1: Freak0za ($7.77 in chips) 
Seat 2: jonnyZzzzzzz ($4.87 in chips) 
Seat 3: de1ty ($5.29 in chips) 
Seat 4: NuevoMutro ($16.06 in chips) 
Seat 5: sggs23 ($5 in chips) 
Seat 6: pedroabreu1 ($6.17 in chips) 
de1ty: posts small blind $0.02
NuevoMutro: posts big blind $0.05
*** HOLE CARDS ***
Dealt to pedroabreu1 [Jh 2c]
sggs23: folds 
pedroabreu1: folds 
Freak0za: folds 
jonnyZzzzzzz: raises $0.10 to $0.15
de1ty: raises $0.35 to $0.50
NuevoMutro: folds 
jonnyZzzzzzz: calls $0.35
*** FLOP *** [Jc 4s Ks]
de1ty: bets $0.60
jonnyZzzzzzz: folds 
Uncalled bet ($0.60) returned to de1ty
de1ty collected $1.01 from pot
de1ty: doesn't show hand 
*** SUMMARY ***
Total pot $1.05 | Rake $0.04 
Board [Jc 4s Ks]
Seat 1: Freak0za folded before Flop (didn't bet)
Seat 2: jonnyZzzzzzz (button) folded on the Flop
Seat 3: de1ty (small blind) collected ($1.01)
Seat 4: NuevoMutro (big blind) folded before Flop
Seat 5: sggs23 folded before Flop (didn't bet)
Seat 6: pedroabreu1 folded before Flop (didn't bet)



PokerStars Hand #164797457716:  Hold'em No Limit ($0.02/$0.05 USD) - 2017/01/18 16:49:25 ET
Table 'Hynek II' 6-max Seat #3 is the button
Seat 1: Freak0za ($7.77 in chips) 
Seat 2: jonnyZzzzzzz ($5 in chips) 
Seat 3: de1ty ($5.80 in chips) 
Seat 4: NuevoMutro ($16.01 in chips) 
Seat 5: sggs23 ($5 in chips) 
Seat 6: pedroabreu1 ($6.17 in chips) 
NuevoMutro: posts small blind $0.02
sggs23: posts big blind $0.05
*** HOLE CARDS ***
Dealt to pedroabreu1 [2s 7s]
pedroabreu1: folds 
Freak0za: folds 
jonnyZzzzzzz: raises $0.10 to $0.15
de1ty: folds 
NuevoMutro: folds 
sggs23: folds 
Uncalled bet ($0.10) returned to jonnyZzzzzzz
jonnyZzzzzzz collected $0.12 from pot
*** SUMMARY ***
Total pot $0.12 | Rake $0 
Seat 1: Freak0za folded before Flop (didn't bet)
Seat 2: jonnyZzzzzzz collected ($0.12)
Seat 3: de1ty (button) folded before Flop (didn't bet)
Seat 4: NuevoMutro (small blind) folded before Flop
Seat 5: sggs23 (big blind) folded before Flop
Seat 6: pedroabreu1 folded before Flop (didn't bet)



PokerStars Hand #164797497405:  Hold'em No Limit ($0.02/$0.05 USD) - 2017/01/18 16:50:00 ET
Table 'Hynek II' 6-max Seat #4 is the button
Seat 1: Freak0za ($7.77 in chips) 
Seat 2: jonnyZzzzzzz ($5.07 in chips) 
Seat 3: de1ty ($5.80 in chips) 
Seat 4: NuevoMutro ($15.99 in chips) 
Seat 5: sggs23 ($4.95 in chips) 
Seat 6: pedroabreu1 ($6.17 in chips) 
sggs23: posts small blind $0.02
pedroabreu1: posts big blind $0.05
*** HOLE CARDS ***
Dealt to pedroabreu1 [9h 3d]
Freak0za: folds 
jonnyZzzzzzz: folds 
de1ty: folds 
NuevoMutro: folds 
sggs23: raises $0.05 to $0.10
pedroabreu1: folds 
Uncalled bet ($0.05) returned to sggs23
sggs23 collected $0.10 from pot
*** SUMMARY ***
Total pot $0.10 | Rake $0 
Seat 1: Freak0za folded before Flop (didn't bet)
Seat 2: jonnyZzzzzzz folded before Flop (didn't bet)
Seat 3: de1ty folded before Flop (didn't bet)
Seat 4: NuevoMutro (button) folded before Flop (didn't bet)
Seat 5: sggs23 (small blind) collected ($0.10)
Seat 6: pedroabreu1 (big blind) folded before Flop



PokerStars Hand #164797525604:  Hold'em No Limit ($0.02/$0.05 USD) - 2017/01/18 16:50:29 ET
Table 'Hynek II' 6-max Seat #5 is the button
Seat 1: Freak0za ($7.77 in chips) 
Seat 2: jonnyZzzzzzz ($5.07 in chips) 
Seat 3: de1ty ($5.80 in chips) 
Seat 4: NuevoMutro ($15.99 in chips) 
Seat 5: sggs23 ($5 in chips) 
Seat 6: pedroabreu1 ($6.12 in chips) 
pedroabreu1: posts small blind $0.02
Freak0za: posts big blind $0.05
*** HOLE CARDS ***
Dealt to pedroabreu1 [8d 9s]
jonnyZzzzzzz: folds 
de1ty: folds 
NuevoMutro: folds 
sggs23: folds 
pedroabreu1: folds 
Uncalled bet ($0.03) returned to Freak0za
Freak0za collected $0.04 from pot
*** SUMMARY ***
Total pot $0.04 | Rake $0 
Seat 1: Freak0za (big blind) collected ($0.04)
Seat 2: jonnyZzzzzzz folded before Flop (didn't bet)
Seat 3: de1ty folded before Flop (didn't bet)
Seat 4: NuevoMutro folded before Flop (didn't bet)
Seat 5: sggs23 (button) folded before Flop (didn't bet)
Seat 6: pedroabreu1 (small blind) folded before Flop



PokerStars Hand #164797543382:  Hold'em No Limit ($0.02/$0.05 USD) - 2017/01/18 16:50:46 ET
Table 'Hynek II' 6-max Seat #6 is the button
Seat 1: Freak0za ($7.79 in chips) 
Seat 2: jonnyZzzzzzz ($5.07 in chips) 
Seat 3: de1ty ($5.80 in chips) 
Seat 4: NuevoMutro ($15.99 in chips) 
Seat 5: sggs23 ($5 in chips) 
Seat 6: pedroabreu1 ($6.10 in chips) 
Freak0za: posts small blind $0.02
jonnyZzzzzzz: posts big blind $0.05
*** HOLE CARDS ***
Dealt to pedroabreu1 [6h Jd]
de1ty: folds 
NuevoMutro: folds 
sggs23: raises $0.10 to $0.15
pedroabreu1: folds 
Freak0za: folds 
jonnyZzzzzzz: calls $0.10
*** FLOP *** [Qh 5d 9c]
jonnyZzzzzzz: checks 
sggs23: checks 
*** TURN *** [Qh 5d 9c] [8c]
jonnyZzzzzzz: bets $0.21
sggs23: folds 
Uncalled bet ($0.21) returned to jonnyZzzzzzz
jonnyZzzzzzz collected $0.31 from pot
*** SUMMARY ***
Total pot $0.32 | Rake $0.01 
Board [Qh 5d 9c 8c]
Seat 1: Freak0za (small blind) folded before Flop
Seat 2: jonnyZzzzzzz (big blind) collected ($0.31)
Seat 3: de1ty folded before Flop (didn't bet)
Seat 4: NuevoMutro folded before Flop (didn't bet)
Seat 5: sggs23 folded on the Turn
Seat 6: pedroabreu1 (button) folded before Flop (didn't bet)



PokerStars Hand #164797580733:  Hold'em No Limit ($0.02/$0.05 USD) - 2017/01/18 16:51:24 ET
Table 'Hynek II' 6-max Seat #1 is the button
Seat 1: Freak0za ($7.77 in chips) 
Seat 2: jonnyZzzzzzz ($5.23 in chips) 
Seat 3: de1ty ($5.80 in chips) 
Seat 4: NuevoMutro ($15.99 in chips) 
Seat 5: sggs23 ($4.85 in chips) 
Seat 6: pedroabreu1 ($6.10 in chips) 
jonnyZzzzzzz: posts small blind $0.02
de1ty: posts big blind $0.05
*** HOLE CARDS ***
Dealt to pedroabreu1 [5h 4c]
NuevoMutro: folds 
sggs23: folds 
pedroabreu1: folds 
Freak0za: raises $0.12 to $0.17
jonnyZzzzzzz: folds 
de1ty: folds 
Uncalled bet ($0.12) returned to Freak0za
Freak0za collected $0.12 from pot
*** SUMMARY ***
Total pot $0.12 | Rake $0 
Seat 1: Freak0za (button) collected ($0.12)
Seat 2: jonnyZzzzzzz (small blind) folded before Flop
Seat 3: de1ty (big blind) folded before Flop
Seat 4: NuevoMutro folded before Flop (didn't bet)
Seat 5: sggs23 folded before Flop (didn't bet)
Seat 6: pedroabreu1 folded before Flop (didn't bet)



PokerStars Hand #164797614121:  Hold'em No Limit ($0.02/$0.05 USD) - 2017/01/18 16:51:58 ET
Table 'Hynek II' 6-max Seat #2 is the button
Seat 1: Freak0za ($7.84 in chips) 
Seat 2: jonnyZzzzzzz ($5.21 in chips) 
Seat 3: de1ty ($5.75 in chips) 
Seat 4: NuevoMutro ($15.99 in chips) 
Seat 5: sggs23 ($4.85 in chips) 
Seat 6: pedroabreu1 ($6.10 in chips) 
de1ty: posts small blind $0.02
NuevoMutro: posts big blind $0.05
*** HOLE CARDS ***
Dealt to pedroabreu1 [7h Ks]
sggs23: folds 
pedroabreu1: folds 
Freak0za: raises $0.12 to $0.17
jonnyZzzzzzz: folds 
de1ty: folds 
NuevoMutro: folds 
Uncalled bet ($0.12) returned to Freak0za
Freak0za collected $0.12 from pot
*** SUMMARY ***
Total pot $0.12 | Rake $0 
Seat 1: Freak0za collected ($0.12)
Seat 2: jonnyZzzzzzz (button) folded before Flop (didn't bet)
Seat 3: de1ty (small blind) folded before Flop
Seat 4: NuevoMutro (big blind) folded before Flop
Seat 5: sggs23 folded before Flop (didn't bet)
Seat 6: pedroabreu1 folded before Flop (didn't bet)



PokerStars Hand #164797631514:  Hold'em No Limit ($0.02/$0.05 USD) - 2017/01/18 16:52:15 ET
Table 'Hynek II' 6-max Seat #3 is the button
Seat 1: Freak0za ($7.91 in chips) 
Seat 2: jonnyZzzzzzz ($5.21 in chips) 
Seat 3: de1ty ($5.73 in chips) 
Seat 4: NuevoMutro ($15.94 in chips) 
Seat 5: sggs23 ($4.85 in chips) 
Seat 6: pedroabreu1 ($6.10 in chips) 
NuevoMutro: posts small blind $0.02
sggs23: posts big blind $0.05
*** HOLE CARDS ***
Dealt to pedroabreu1 [2h Qs]
pedroabreu1: folds 
Freak0za: folds 
jonnyZzzzzzz: folds 
de1ty: raises $0.08 to $0.13
NuevoMutro: raises $0.32 to $0.45
sggs23: folds 
de1ty: folds 
Uncalled bet ($0.32) returned to NuevoMutro
NuevoMutro collected $0.31 from pot
*** SUMMARY ***
Total pot $0.31 | Rake $0 
Seat 1: Freak0za folded before Flop (didn't bet)
Seat 2: jonnyZzzzzzz folded before Flop (didn't bet)
Seat 3: de1ty (button) folded before Flop
Seat 4: NuevoMutro (small blind) collected ($0.31)
Seat 5: sggs23 (big blind) folded before Flop
Seat 6: pedroabreu1 folded before Flop (didn't bet)



PokerStars Hand #164797669934:  Hold'em No Limit ($0.02/$0.05 USD) - 2017/01/18 16:52:54 ET
Table 'Hynek II' 6-max Seat #4 is the button
Seat 1: Freak0za ($7.91 in chips) 
Seat 2: jonnyZzzzzzz ($5.21 in chips) 
Seat 3: de1ty ($5.60 in chips) 
Seat 4: NuevoMutro ($16.12 in chips) 
Seat 5: sggs23 ($4.80 in chips) 
Seat 6: pedroabreu1 ($6.10 in chips) 
sggs23: posts small blind $0.02
pedroabreu1: posts big blind $0.05
*** HOLE CARDS ***
Dealt to pedroabreu1 [8h Th]
Freak0za: folds 
jonnyZzzzzzz: folds 
de1ty: folds 
NuevoMutro: folds 
sggs23: folds 
Uncalled bet ($0.03) returned to pedroabreu1
pedroabreu1 collected $0.04 from pot
pedroabreu1: doesn't show hand 
*** SUMMARY ***
Total pot $0.04 | Rake $0 
Seat 1: Freak0za folded before Flop (didn't bet)
Seat 2: jonnyZzzzzzz folded before Flop (didn't bet)
Seat 3: de1ty folded before Flop (didn't bet)
Seat 4: NuevoMutro (button) folded before Flop (didn't bet)
Seat 5: sggs23 (small blind) folded before Flop
Seat 6: pedroabreu1 (big blind) collected ($0.04)



PokerStars Hand #164797689295:  Hold'em No Limit ($0.02/$0.05 USD) - 2017/01/18 16:53:14 ET
Table 'Hynek II' 6-max Seat #5 is the button
Seat 1: Freak0za ($7.91 in chips) 
Seat 2: jonnyZzzzzzz ($5.21 in chips) 
Seat 3: de1ty ($5.60 in chips) 
Seat 4: NuevoMutro ($16.12 in chips) 
Seat 5: sggs23 ($4.78 in chips) 
Seat 6: pedroabreu1 ($6.12 in chips) 
pedroabreu1: posts small blind $0.02
Freak0za: posts big blind $0.05
*** HOLE CARDS ***
Dealt to pedroabreu1 [Qc 8h]
jonnyZzzzzzz: folds 
de1ty: folds 
NuevoMutro: folds 
sggs23: folds 
pedroabreu1: folds 
Uncalled bet ($0.03) returned to Freak0za
Freak0za collected $0.04 from pot
*** SUMMARY ***
Total pot $0.04 | Rake $0 
Seat 1: Freak0za (big blind) collected ($0.04)
Seat 2: jonnyZzzzzzz folded before Flop (didn't bet)
Seat 3: de1ty folded before Flop (didn't bet)
Seat 4: NuevoMutro folded before Flop (didn't bet)
Seat 5: sggs23 (button) folded before Flop (didn't bet)
Seat 6: pedroabreu1 (small blind) folded before Flop



PokerStars Hand #164797710824:  Hold'em No Limit ($0.02/$0.05 USD) - 2017/01/18 16:53:36 ET
Table 'Hynek II' 6-max Seat #6 is the button
Seat 1: Freak0za ($7.93 in chips) 
Seat 2: jonnyZzzzzzz ($5.21 in chips) 
Seat 3: de1ty ($5.60 in chips) 
Seat 4: NuevoMutro ($16.12 in chips) 
Seat 5: sggs23 ($4.78 in chips) 
Seat 6: pedroabreu1 ($6.10 in chips) 
Freak0za: posts small blind $0.02
jonnyZzzzzzz: posts big blind $0.05
*** HOLE CARDS ***
Dealt to pedroabreu1 [8h Tc]
de1ty has timed out while being disconnected
de1ty: folds 
NuevoMutro: folds 
sggs23: folds 
pedroabreu1: folds 
Freak0za: folds 
Uncalled bet ($0.03) returned to jonnyZzzzzzz
jonnyZzzzzzz collected $0.04 from pot
*** SUMMARY ***
Total pot $0.04 | Rake $0 
Seat 1: Freak0za (small blind) folded before Flop
Seat 2: jonnyZzzzzzz (big blind) collected ($0.04)
Seat 3: de1ty folded before Flop (didn't bet)
Seat 4: NuevoMutro folded before Flop (didn't bet)
Seat 5: sggs23 folded before Flop (didn't bet)
Seat 6: pedroabreu1 (button) folded before Flop (didn't bet)



PokerStars Hand #164797742316:  Hold'em No Limit ($0.02/$0.05 USD) - 2017/01/18 16:54:10 ET
Table 'Hynek II' 6-max Seat #1 is the button
Seat 1: Freak0za ($7.91 in chips) 
Seat 2: jonnyZzzzzzz ($5.23 in chips) 
Seat 6: pedroabreu1 ($6.10 in chips) 
jonnyZzzzzzz: posts small blind $0.02
sggs23: is sitting out 
sggs23 leaves the table
pedroabreu1: posts big blind $0.05
*** HOLE CARDS ***
Dealt to pedroabreu1 [4h 9c]
Freak0za: folds 
jonnyZzzzzzz: raises $0.10 to $0.15
sadwarrior joins the table at seat #5 
pedroabreu1: folds 
Uncalled bet ($0.10) returned to jonnyZzzzzzz
jonnyZzzzzzz collected $0.10 from pot
*** SUMMARY ***
Total pot $0.10 | Rake $0 
Seat 1: Freak0za (button) folded before Flop (didn't bet)
Seat 2: jonnyZzzzzzz (small blind) collected ($0.10)
Seat 6: pedroabreu1 (big blind) folded before Flop



PokerStars Hand #164797756840:  Hold'em No Limit ($0.02/$0.05 USD) - 2017/01/18 16:54:25 ET
Table 'Hynek II' 6-max Seat #2 is the button
Seat 1: Freak0za ($7.91 in chips) 
Seat 2: jonnyZzzzzzz ($5.28 in chips) 
Seat 6: pedroabreu1 ($6.05 in chips) 
de1ty will be allowed to play after the button
sadwarrior will be allowed to play after the button
pedroabreu1: posts small blind $0.02
Freak0za: posts big blind $0.05
*** HOLE CARDS ***
Dealt to pedroabreu1 [9c Js]
jonnyZzzzzzz: folds 
pedroabreu1: folds 
Uncalled bet ($0.03) returned to Freak0za
Freak0za collected $0.04 from pot
*** SUMMARY ***
Total pot $0.04 | Rake $0 
Seat 1: Freak0za (big blind) collected ($0.04)
Seat 2: jonnyZzzzzzz (button) folded before Flop (didn't bet)
Seat 6: pedroabreu1 (small blind) folded before Flop



PokerStars Hand #164797763675:  Hold'em No Limit ($0.02/$0.05 USD) - 2017/01/18 16:54:33 ET
Table 'Hynek II' 6-max Seat #6 is the button
Seat 1: Freak0za ($7.93 in chips) 
Seat 2: jonnyZzzzzzz ($5.28 in chips) 
Seat 6: pedroabreu1 ($6.03 in chips) 
Freak0za: posts small blind $0.02
jonnyZzzzzzz: posts big blind $0.05
de1ty: sits out 
sadwarrior: sits out 
*** HOLE CARDS ***
Dealt to pedroabreu1 [Jd 4h]
pedroabreu1: folds 
Freak0za: folds 
Uncalled bet ($0.03) returned to jonnyZzzzzzz
jonnyZzzzzzz collected $0.04 from pot
*** SUMMARY ***
Total pot $0.04 | Rake $0 
Seat 1: Freak0za (small blind) folded before Flop
Seat 2: jonnyZzzzzzz (big blind) collected ($0.04)
Seat 6: pedroabreu1 (button) folded before Flop (didn't bet)



PokerStars Hand #164797770355:  Hold'em No Limit ($0.02/$0.05 USD) - 2017/01/18 16:54:39 ET
Table 'Hynek II' 6-max Seat #1 is the button
Seat 1: Freak0za ($7.91 in chips) 
Seat 2: jonnyZzzzzzz ($5.30 in chips) 
Seat 3: de1ty ($5.60 in chips) 
Seat 6: pedroabreu1 ($6.03 in chips) 
jonnyZzzzzzz: posts small blind $0.02
de1ty: posts big blind $0.05
sadwarrior: sits out 
*** HOLE CARDS ***
Dealt to pedroabreu1 [9s 8c]
pedroabreu1: folds 
Freak0za: folds 
jonnyZzzzzzz: folds 
Uncalled bet ($0.03) returned to de1ty
de1ty collected $0.04 from pot
de1ty: doesn't show hand 
*** SUMMARY ***
Total pot $0.04 | Rake $0 
Seat 1: Freak0za (button) folded before Flop (didn't bet)
Seat 2: jonnyZzzzzzz (small blind) folded before Flop
Seat 3: de1ty (big blind) collected ($0.04)
Seat 6: pedroabreu1 folded before Flop (didn't bet)



PokerStars Hand #164797781694:  Hold'em No Limit ($0.02/$0.05 USD) - 2017/01/18 16:54:51 ET
Table 'Hynek II' 6-max Seat #2 is the button
Seat 1: Freak0za ($7.91 in chips) 
Seat 2: jonnyZzzzzzz ($5.28 in chips) 
Seat 3: de1ty ($5.62 in chips) 
Seat 5: sadwarrior ($5 in chips) 
Seat 6: pedroabreu1 ($6.03 in chips) 
de1ty: posts small blind $0.02
sadwarrior: posts big blind $0.05
*** HOLE CARDS ***
Dealt to pedroabreu1 [Tc 5d]
pedroabreu1: folds 
Freak0za: folds 
NuevoMutro leaves the table
jonnyZzzzzzz: raises $0.10 to $0.15
de1ty: folds 
sadwarrior: raises $0.32 to $0.47
jonnyZzzzzzz: folds 
Uncalled bet ($0.32) returned to sadwarrior
sadwarrior collected $0.32 from pot
sadwarrior: doesn't show hand 
*** SUMMARY ***
Total pot $0.32 | Rake $0 
Seat 1: Freak0za folded before Flop (didn't bet)
Seat 2: jonnyZzzzzzz (button) folded before Flop
Seat 3: de1ty (small blind) folded before Flop
Seat 5: sadwarrior (big blind) collected ($0.32)
Seat 6: pedroabreu1 folded before Flop (didn't bet)



PokerStars Hand #164797804913:  Hold'em No Limit ($0.02/$0.05 USD) - 2017/01/18 16:55:18 ET
Table 'Hynek II' 6-max Seat #3 is the button
Seat 1: Freak0za ($7.91 in chips) 
Seat 2: jonnyZzzzzzz ($5.13 in chips) 
Seat 3: de1ty ($5.60 in chips) 
Seat 5: sadwarrior ($5.17 in chips) 
Seat 6: pedroabreu1 ($6.03 in chips) 
sadwarrior: posts small blind $0.02
pedroabreu1: posts big blind $0.05
*** HOLE CARDS ***
Dealt to pedroabreu1 [Jc 3h]
Freak0za: folds 
jonnyZzzzzzz: folds 
de1ty: raises $0.08 to $0.13
sadwarrior: folds 
pedroabreu1: folds 
Uncalled bet ($0.08) returned to de1ty
de1ty collected $0.12 from pot
de1ty: doesn't show hand 
*** SUMMARY ***
Total pot $0.12 | Rake $0 
Seat 1: Freak0za folded before Flop (didn't bet)
Seat 2: jonnyZzzzzzz folded before Flop (didn't bet)
Seat 3: de1ty (button) collected ($0.12)
Seat 5: sadwarrior (small blind) folded before Flop
Seat 6: pedroabreu1 (big blind) folded before Flop



PokerStars Hand #164797815601:  Hold'em No Limit ($0.02/$0.05 USD) - 2017/01/18 16:55:32 ET
Table 'Hynek II' 6-max Seat #5 is the button
Seat 1: Freak0za ($7.91 in chips) 
Seat 2: jonnyZzzzzzz ($5.13 in chips) 
Seat 3: de1ty ($5.67 in chips) 
Seat 5: sadwarrior ($5.15 in chips) 
Seat 6: pedroabreu1 ($5.98 in chips) 
pedroabreu1: posts small blind $0.02
Freak0za: posts big blind $0.05
*** HOLE CARDS ***
Dealt to pedroabreu1 [Ts 5s]
jonnyZzzzzzz: folds 
de1ty: folds 
sadwarrior: raises $0.10 to $0.15
pedroabreu1: folds 
Freak0za: folds 
Uncalled bet ($0.10) returned to sadwarrior
sadwarrior collected $0.12 from pot
sadwarrior: doesn't show hand 
*** SUMMARY ***
Total pot $0.12 | Rake $0 
Seat 1: Freak0za (big blind) folded before Flop
Seat 2: jonnyZzzzzzz folded before Flop (didn't bet)
Seat 3: de1ty folded before Flop (didn't bet)
Seat 5: sadwarrior (button) collected ($0.12)
Seat 6: pedroabreu1 (small blind) folded before Flop



PokerStars Hand #164797832012:  Hold'em No Limit ($0.02/$0.05 USD) - 2017/01/18 16:55:54 ET
Table 'Hynek II' 6-max Seat #6 is the button
Seat 1: Freak0za ($7.86 in chips) 
Seat 2: jonnyZzzzzzz ($5.13 in chips) 
Seat 3: de1ty ($5.67 in chips) 
Seat 5: sadwarrior ($5.22 in chips) 
Seat 6: pedroabreu1 ($5.96 in chips) 
Freak0za: posts small blind $0.02
jonnyZzzzzzz: posts big blind $0.05
*** HOLE CARDS ***
Dealt to pedroabreu1 [8d 4h]
de1ty: raises $0.10 to $0.15
sadwarrior: calls $0.15
pedroabreu1: folds 
Freak0za: folds 
jonnyZzzzzzz: folds 
*** FLOP *** [Th Jh 7h]
seva306 joins the table at seat #4 
de1ty: bets $0.26
sadwarrior: folds 
Uncalled bet ($0.26) returned to de1ty
de1ty collected $0.35 from pot
de1ty: doesn't show hand 
*** SUMMARY ***
Total pot $0.37 | Rake $0.02 
Board [Th Jh 7h]
Seat 1: Freak0za (small blind) folded before Flop
Seat 2: jonnyZzzzzzz (big blind) folded before Flop
Seat 3: de1ty collected ($0.35)
Seat 5: sadwarrior folded on the Flop
Seat 6: pedroabreu1 (button) folded before Flop (didn't bet)



PokerStars Hand #164797846128:  Hold'em No Limit ($0.02/$0.05 USD) - 2017/01/18 16:56:13 ET
Table 'Hynek II' 6-max Seat #1 is the button
Seat 1: Freak0za ($7.84 in chips) 
Seat 2: jonnyZzzzzzz ($5.08 in chips) 
Seat 3: de1ty ($5.87 in chips) 
Seat 5: sadwarrior ($5.07 in chips) 
Seat 6: pedroabreu1 ($5.96 in chips) 
jonnyZzzzzzz: posts small blind $0.02
de1ty: posts big blind $0.05
*** HOLE CARDS ***
Dealt to pedroabreu1 [3s 2c]
sadwarrior: folds 
pedroabreu1: folds 
Freak0za: folds 
jonnyZzzzzzz: folds 
Uncalled bet ($0.03) returned to de1ty
de1ty collected $0.04 from pot
de1ty: doesn't show hand 
*** SUMMARY ***
Total pot $0.04 | Rake $0 
Seat 1: Freak0za (button) folded before Flop (didn't bet)
Seat 2: jonnyZzzzzzz (small blind) folded before Flop
Seat 3: de1ty (big blind) collected ($0.04)
Seat 5: sadwarrior folded before Flop (didn't bet)
Seat 6: pedroabreu1 folded before Flop (didn't bet)



PokerStars Hand #164797851879:  Hold'em No Limit ($0.02/$0.05 USD) - 2017/01/18 16:56:20 ET
Table 'Hynek II' 6-max Seat #2 is the button
Seat 1: Freak0za ($7.84 in chips) 
Seat 2: jonnyZzzzzzz ($5.06 in chips) 
Seat 3: de1ty ($5.89 in chips) 
Seat 5: sadwarrior ($5.07 in chips) 
Seat 6: pedroabreu1 ($5.96 in chips) 
de1ty: posts small blind $0.02
sadwarrior: posts big blind $0.05
*** HOLE CARDS ***
Dealt to pedroabreu1 [Ad 9c]
pedroabreu1: folds 
Freak0za: folds 
jonnyZzzzzzz: folds 
de1ty: folds 
Uncalled bet ($0.03) returned to sadwarrior
sadwarrior collected $0.04 from pot
sadwarrior: doesn't show hand 
*** SUMMARY ***
Total pot $0.04 | Rake $0 
Seat 1: Freak0za folded before Flop (didn't bet)
Seat 2: jonnyZzzzzzz (button) folded before Flop (didn't bet)
Seat 3: de1ty (small blind) folded before Flop
Seat 5: sadwarrior (big blind) collected ($0.04)
Seat 6: pedroabreu1 folded before Flop (didn't bet)



PokerStars Hand #164797860559:  Hold'em No Limit ($0.02/$0.05 USD) - 2017/01/18 16:56:31 ET
Table 'Hynek II' 6-max Seat #3 is the button
Seat 1: Freak0za ($7.84 in chips) 
Seat 2: jonnyZzzzzzz ($5.06 in chips) 
Seat 3: de1ty ($5.87 in chips) 
Seat 5: sadwarrior ($5.09 in chips) 
Seat 6: pedroabreu1 ($5.96 in chips) 
sadwarrior: posts small blind $0.02
pedroabreu1: posts big blind $0.05
*** HOLE CARDS ***
Dealt to pedroabreu1 [5c Qh]
Freak0za: folds 
jonnyZzzzzzz: folds 
de1ty: folds 
sadwarrior: folds 
Uncalled bet ($0.03) returned to pedroabreu1
pedroabreu1 collected $0.04 from pot
pedroabreu1: doesn't show hand 
*** SUMMARY ***
Total pot $0.04 | Rake $0 
Seat 1: Freak0za folded before Flop (didn't bet)
Seat 2: jonnyZzzzzzz folded before Flop (didn't bet)
Seat 3: de1ty (button) folded before Flop (didn't bet)
Seat 5: sadwarrior (small blind) folded before Flop
Seat 6: pedroabreu1 (big blind) collected ($0.04)



PokerStars Hand #164797871988:  Hold'em No Limit ($0.02/$0.05 USD) - 2017/01/18 16:56:46 ET
Table 'Hynek II' 6-max Seat #5 is the button
Seat 2: jonnyZzzzzzz ($5.06 in chips) 
Seat 3: de1ty ($5.87 in chips) 
Seat 5: sadwarrior ($5.07 in chips) 
Seat 6: pedroabreu1 ($5.98 in chips) 
pedroabreu1: posts small blind $0.02
Freak0za: is sitting out 
jonnyZzzzzzz: posts big blind $0.05
*** HOLE CARDS ***
Dealt to pedroabreu1 [2d Jc]
Freak0za leaves the table
de1ty: folds 
sadwarrior: folds 
pedroabreu1: folds 
Uncalled bet ($0.03) returned to jonnyZzzzzzz
jonnyZzzzzzz collected $0.04 from pot
seva306 leaves the table
*** SUMMARY ***
Total pot $0.04 | Rake $0 
Seat 2: jonnyZzzzzzz (big blind) collected ($0.04)
Seat 3: de1ty folded before Flop (didn't bet)
Seat 5: sadwarrior (button) folded before Flop (didn't bet)
Seat 6: pedroabreu1 (small blind) folded before Flop



PokerStars Hand #164797889281:  Hold'em No Limit ($0.02/$0.05 USD) - 2017/01/18 16:57:08 ET
Table 'Hynek II' 6-max Seat #6 is the button
Seat 2: jonnyZzzzzzz ($5.08 in chips) 
Seat 3: de1ty ($5.87 in chips) 
Seat 5: sadwarrior ($5.07 in chips) 
Seat 6: pedroabreu1 ($5.96 in chips) 
jonnyZzzzzzz: posts small blind $0.02
de1ty: posts big blind $0.05
*** HOLE CARDS ***
Dealt to pedroabreu1 [Qd 2h]
sadwarrior: folds 
pedroabreu1: folds 
jonnyZzzzzzz: folds 
Uncalled bet ($0.03) returned to de1ty
de1ty collected $0.04 from pot
de1ty: doesn't show hand 
*** SUMMARY ***
Total pot $0.04 | Rake $0 
Seat 2: jonnyZzzzzzz (small blind) folded before Flop
Seat 3: de1ty (big blind) collected ($0.04)
Seat 5: sadwarrior folded before Flop (didn't bet)
Seat 6: pedroabreu1 (button) folded before Flop (didn't bet)



PokerStars Hand #164797902621:  Hold'em No Limit ($0.02/$0.05 USD) - 2017/01/18 16:57:26 ET
Table 'Hynek II' 6-max Seat #2 is the button
Seat 2: jonnyZzzzzzz ($5.06 in chips) 
Seat 3: de1ty ($5.89 in chips) 
Seat 5: sadwarrior ($5.07 in chips) 
Seat 6: pedroabreu1 ($5.96 in chips) 
de1ty: posts small blind $0.02
sadwarrior: posts big blind $0.05
*** HOLE CARDS ***
Dealt to pedroabreu1 [3s 3c]
pedroabreu1: raises $0.10 to $0.15
jonnyZzzzzzz: folds 
de1ty: folds 
sadwarrior: folds 
Uncalled bet ($0.10) returned to pedroabreu1
pedroabreu1 collected $0.12 from pot
pedroabreu1: doesn't show hand 
*** SUMMARY ***
Total pot $0.12 | Rake $0 
Seat 2: jonnyZzzzzzz (button) folded before Flop (didn't bet)
Seat 3: de1ty (small blind) folded before Flop
Seat 5: sadwarrior (big blind) folded before Flop
Seat 6: pedroabreu1 collected ($0.12)



PokerStars Hand #164797918250:  Hold'em No Limit ($0.02/$0.05 USD) - 2017/01/18 16:57:46 ET
Table 'Hynek II' 6-max Seat #3 is the button
Seat 2: jonnyZzzzzzz ($5.06 in chips) 
Seat 3: de1ty ($5.87 in chips) 
Seat 5: sadwarrior ($5.02 in chips) 
Seat 6: pedroabreu1 ($6.03 in chips) 
sadwarrior: posts small blind $0.02
pedroabreu1: posts big blind $0.05
*** HOLE CARDS ***
Dealt to pedroabreu1 [As 5h]
jonnyZzzzzzz: raises $0.10 to $0.15
de1ty: folds 
sadwarrior: folds 
pedroabreu1: folds 
Uncalled bet ($0.10) returned to jonnyZzzzzzz
jonnyZzzzzzz collected $0.12 from pot
msloverdd joins the table at seat #1 
*** SUMMARY ***
Total pot $0.12 | Rake $0 
Seat 2: jonnyZzzzzzz collected ($0.12)
Seat 3: de1ty (button) folded before Flop (didn't bet)
Seat 5: sadwarrior (small blind) folded before Flop
Seat 6: pedroabreu1 (big blind) folded before Flop



PokerStars Hand #164797929558:  Hold'em No Limit ($0.02/$0.05 USD) - 2017/01/18 16:58:01 ET
Table 'Hynek II' 6-max Seat #5 is the button
Seat 1: msloverdd ($5 in chips) 
Seat 3: de1ty ($5.87 in chips) 
Seat 5: sadwarrior ($5 in chips) 
Seat 6: pedroabreu1 ($5.98 in chips) 
pedroabreu1: posts small blind $0.02
msloverdd: posts big blind $0.05
*** HOLE CARDS ***
Dealt to pedroabreu1 [9d Ad]
de1ty: folds 
sadwarrior: folds 
pedroabreu1: raises $0.10 to $0.15
msloverdd: raises $0.30 to $0.45
pedroabreu1: folds 
Uncalled bet ($0.30) returned to msloverdd
msloverdd collected $0.30 from pot
msloverdd: doesn't show hand 
*** SUMMARY ***
Total pot $0.30 | Rake $0 
Seat 1: msloverdd (big blind) collected ($0.30)
Seat 3: de1ty folded before Flop (didn't bet)
Seat 5: sadwarrior (button) folded before Flop (didn't bet)
Seat 6: pedroabreu1 (small blind) folded before Flop



PokerStars Hand #164797946632:  Hold'em No Limit ($0.02/$0.05 USD) - 2017/01/18 16:58:23 ET
Table 'Hynek II' 6-max Seat #6 is the button
Seat 1: msloverdd ($5.15 in chips) 
Seat 2: jonnyZzzzzzz ($5.13 in chips) 
Seat 3: de1ty ($5.87 in chips) 
Seat 5: sadwarrior ($5 in chips) 
Seat 6: pedroabreu1 ($5.83 in chips) 
msloverdd: posts small blind $0.02
jonnyZzzzzzz: posts big blind $0.05
*** HOLE CARDS ***
Dealt to pedroabreu1 [6d Ts]
de1ty: raises $0.10 to $0.15
sadwarrior: folds 
pedroabreu1: folds 
Bandyaev joins the table at seat #4 
msloverdd: folds 
jonnyZzzzzzz: folds 
Uncalled bet ($0.10) returned to de1ty
de1ty collected $0.12 from pot
de1ty: doesn't show hand 
*** SUMMARY ***
Total pot $0.12 | Rake $0 
Seat 1: msloverdd (small blind) folded before Flop
Seat 2: jonnyZzzzzzz (big blind) folded before Flop
Seat 3: de1ty collected ($0.12)
Seat 5: sadwarrior folded before Flop (didn't bet)
Seat 6: pedroabreu1 (button) folded before Flop (didn't bet)



PokerStars Hand #164797956603:  Hold'em No Limit ($0.02/$0.05 USD) - 2017/01/18 16:58:36 ET
Table 'Hynek II' 6-max Seat #1 is the button
Seat 1: msloverdd ($5.13 in chips) 
Seat 2: jonnyZzzzzzz ($5.08 in chips) 
Seat 3: de1ty ($5.94 in chips) 
Seat 5: sadwarrior ($5 in chips) 
Seat 6: pedroabreu1 ($5.83 in chips) 
jonnyZzzzzzz: posts small blind $0.02
de1ty: posts big blind $0.05
Bandyaev: sits out 
*** HOLE CARDS ***
Dealt to pedroabreu1 [Qh 7h]
sadwarrior: folds 
pedroabreu1: folds 
msloverdd: folds 
jonnyZzzzzzz: folds 
Uncalled bet ($0.03) returned to de1ty
de1ty collected $0.04 from pot
de1ty: doesn't show hand 
*** SUMMARY ***
Total pot $0.04 | Rake $0 
Seat 1: msloverdd (button) folded before Flop (didn't bet)
Seat 2: jonnyZzzzzzz (small blind) folded before Flop
Seat 3: de1ty (big blind) collected ($0.04)
Seat 5: sadwarrior folded before Flop (didn't bet)
Seat 6: pedroabreu1 folded before Flop (didn't bet)



PokerStars Hand #164797964601:  Hold'em No Limit ($0.02/$0.05 USD) - 2017/01/18 16:58:46 ET
Table 'Hynek II' 6-max Seat #2 is the button
Seat 1: msloverdd ($5.13 in chips) 
Seat 2: jonnyZzzzzzz ($5.06 in chips) 
Seat 3: de1ty ($5.96 in chips) 
Seat 4: Bandyaev ($5 in chips) 
Seat 5: sadwarrior ($5 in chips) 
Seat 6: pedroabreu1 ($5.83 in chips) 
de1ty: posts small blind $0.02
Bandyaev: posts big blind $0.05
*** HOLE CARDS ***
Dealt to pedroabreu1 [9c Kc]
sadwarrior: folds 
pedroabreu1: raises $0.10 to $0.15
msloverdd: folds 
jonnyZzzzzzz: calls $0.15
de1ty: folds 
Bandyaev: folds 
*** FLOP *** [As Td 4d]
pedroabreu1: bets $0.20
jonnyZzzzzzz: folds 
Uncalled bet ($0.20) returned to pedroabreu1
pedroabreu1 collected $0.35 from pot
pedroabreu1: doesn't show hand 
*** SUMMARY ***
Total pot $0.37 | Rake $0.02 
Board [As Td 4d]
Seat 1: msloverdd folded before Flop (didn't bet)
Seat 2: jonnyZzzzzzz (button) folded on the Flop
Seat 3: de1ty (small blind) folded before Flop
Seat 4: Bandyaev (big blind) folded before Flop
Seat 5: sadwarrior folded before Flop (didn't bet)
Seat 6: pedroabreu1 collected ($0.35)



PokerStars Hand #164797991682:  Hold'em No Limit ($0.02/$0.05 USD) - 2017/01/18 16:59:21 ET
Table 'Hynek II' 6-max Seat #3 is the button
Seat 1: msloverdd ($5.13 in chips) 
Seat 2: jonnyZzzzzzz ($4.91 in chips) 
Seat 3: de1ty ($5.94 in chips) 
Seat 4: Bandyaev ($5 in chips) 
Seat 6: pedroabreu1 ($6.03 in chips) 
Bandyaev: posts small blind $0.02
sadwarrior: is sitting out 
pedroabreu1: posts big blind $0.05
*** HOLE CARDS ***
Dealt to pedroabreu1 [4c Jc]
sadwarrior leaves the table
msloverdd: folds 
jonnyZzzzzzz: raises $0.10 to $0.15
de1ty: folds 
Bandyaev: folds 
pedroabreu1: folds 
Uncalled bet ($0.10) returned to jonnyZzzzzzz
jonnyZzzzzzz collected $0.12 from pot
*** SUMMARY ***
Total pot $0.12 | Rake $0 
Seat 1: msloverdd folded before Flop (didn't bet)
Seat 2: jonnyZzzzzzz collected ($0.12)
Seat 3: de1ty (button) folded before Flop (didn't bet)
Seat 4: Bandyaev (small blind) folded before Flop
Seat 6: pedroabreu1 (big blind) folded before Flop



PokerStars Hand #164798008789:  Hold'em No Limit ($0.02/$0.05 USD) - 2017/01/18 16:59:44 ET
Table 'Hynek II' 6-max Seat #4 is the button
Seat 1: msloverdd ($5.13 in chips) 
Seat 2: jonnyZzzzzzz ($4.98 in chips) 
Seat 3: de1ty ($5.94 in chips) 
Seat 4: Bandyaev ($5 in chips) 
Seat 6: pedroabreu1 ($5.98 in chips) 
pedroabreu1: posts small blind $0.02
msloverdd: posts big blind $0.05
*** HOLE CARDS ***
Dealt to pedroabreu1 [7c Qc]
dragstor-50 joins the table at seat #5 
jonnyZzzzzzz: raises $0.12 to $0.17
de1ty: folds 
Bandyaev: folds 
pedroabreu1: folds 
msloverdd: folds 
Uncalled bet ($0.12) returned to jonnyZzzzzzz
jonnyZzzzzzz collected $0.12 from pot
*** SUMMARY ***
Total pot $0.12 | Rake $0 
Seat 1: msloverdd (big blind) folded before Flop
Seat 2: jonnyZzzzzzz collected ($0.12)
Seat 3: de1ty folded before Flop (didn't bet)
Seat 4: Bandyaev (button) folded before Flop (didn't bet)
Seat 6: pedroabreu1 (small blind) folded before Flop



PokerStars Hand #164798035067:  Hold'em No Limit ($0.02/$0.05 USD) - 2017/01/18 17:00:17 ET
Table 'Hynek II' 6-max Seat #6 is the button
Seat 1: msloverdd ($5.08 in chips) 
Seat 2: jonnyZzzzzzz ($5.05 in chips) 
Seat 3: de1ty ($5.94 in chips) 
Seat 4: Bandyaev ($5 in chips) 
Seat 6: pedroabreu1 ($5.96 in chips) 
msloverdd: posts small blind $0.02
jonnyZzzzzzz: posts big blind $0.05
dragstor-50: sits out 
*** HOLE CARDS ***
Dealt to pedroabreu1 [5h Tc]
de1ty: folds 
Bandyaev: raises $0.10 to $0.15
pedroabreu1: folds 
msloverdd: folds 
jonnyZzzzzzz: folds 
Uncalled bet ($0.10) returned to Bandyaev
Bandyaev collected $0.12 from pot
Bandyaev: doesn't show hand 
*** SUMMARY ***
Total pot $0.12 | Rake $0 
Seat 1: msloverdd (small blind) folded before Flop
Seat 2: jonnyZzzzzzz (big blind) folded before Flop
Seat 3: de1ty folded before Flop (didn't bet)
Seat 4: Bandyaev collected ($0.12)
Seat 6: pedroabreu1 (button) folded before Flop (didn't bet)



PokerStars Hand #164798058219:  Hold'em No Limit ($0.02/$0.05 USD) - 2017/01/18 17:00:46 ET
Table 'Hynek II' 6-max Seat #1 is the button
Seat 1: msloverdd ($5.06 in chips) 
Seat 2: jonnyZzzzzzz ($5 in chips) 
Seat 3: de1ty ($5.94 in chips) 
Seat 4: Bandyaev ($5.07 in chips) 
Seat 6: pedroabreu1 ($5.96 in chips) 
jonnyZzzzzzz: posts small blind $0.02
de1ty: posts big blind $0.05
dragstor-50: sits out 
*** HOLE CARDS ***
Dealt to pedroabreu1 [Qh 2h]
Bandyaev: folds 
pedroabreu1 has timed out
pedroabreu1: folds 
msloverdd: raises $0.10 to $0.15
jonnyZzzzzzz: folds 
de1ty: folds 
Uncalled bet ($0.10) returned to msloverdd
msloverdd collected $0.12 from pot
msloverdd: doesn't show hand 
*** SUMMARY ***
Total pot $0.12 | Rake $0 
Seat 1: msloverdd (button) collected ($0.12)
Seat 2: jonnyZzzzzzz (small blind) folded before Flop
Seat 3: de1ty (big blind) folded before Flop
Seat 4: Bandyaev folded before Flop (didn't bet)
Seat 6: pedroabreu1 folded before Flop (didn't bet)



